{"2023-03-31": {"date": "2023-03-31", "filing_date": "2023-04-26", "currency_symbol": "USD", "researchDevelopment": null, "effectOfAccountingCharges": null, "incomeBeforeTax": "4053000000.00", "minorityInterest": "-6000000.00", "netIncome": "3107000000.00", "sellingGeneralAdministrative": "58000000.00", "sellingAndMarketingExpenses": "1719000000.00", "grossProfit": "6663000000.00", "reconciledDepreciation": "286000000.00", "ebit": "3367000000.00", "ebitda": "4711000000.00", "depreciationAndAmortization": "1344000000.00", "nonOperatingIncomeNetOther": "1058000000.00", "operatingIncome": "3367000000.00", "otherOperatingExpenses": "7613000000.00", "interestExpense": "372000000.00", "taxProvision": "940000000.00", "interestIncome": "168000000.00", "netInterestIncome": "-204000000.00", "extraordinaryItems": null, "nonRecurring": null, "otherItems": null, "incomeTaxExpense": "940000000.00", "totalRevenue": "10980000000.00", "totalOperatingExpenses": "3296000000.00", "costOfRevenue": "4317000000.00", "totalOtherIncomeExpenseNet": "686000000.00", "discontinuedOperations": null, "netIncomeFromContinuingOps": "3113000000.00", "netIncomeApplicableToCommonShares": "3107000000.00", "preferredStockAndOtherAdjustments": null}, "2022-12-31": {"date": "2022-12-31", "filing_date": "2023-02-21", "currency_symbol": "USD", "researchDevelopment": null, "effectOfAccountingCharges": null, "incomeBeforeTax": "2500000000.00", "minorityInterest": "-25000000.00", "netIncome": "2031000000.00", "sellingGeneralAdministrative": "83000000.00", "sellingAndMarketingExpenses": "1584000000.00", "grossProfit": "5612000000.00", "reconciledDepreciation": "307000000.00", "ebit": "2804000000.00", "ebitda": "3111000000.00", "depreciationAndAmortization": "307000000.00", "nonOperatingIncomeNetOther": "220000000.00", "operatingIncome": "2804000000.00", "otherOperatingExpenses": "8050000000.00", "interestExpense": "304000000.00", "taxProvision": "444000000.00", "interestIncome": "178000000.00", "netInterestIncome": "-161000000.00", "extraordinaryItems": null, "nonRecurring": null, "otherItems": null, "incomeTaxExpense": "444000000.00", "totalRevenue": "10125000000.00", "totalOperatingExpenses": "3537000000.00", "costOfRevenue": "4513000000.00", "totalOtherIncomeExpenseNet": "-304000000.00", "discontinuedOperations": null, "netIncomeFromContinuingOps": "2056000000.00", "netIncomeApplicableToCommonShares": "2031000000.00", "preferredStockAndOtherAdjustments": null}, "2022-09-30": {"date": "2022-09-30", "filing_date": "2022-10-26", "currency_symbol": "USD", "researchDevelopment": null, "effectOfAccountingCharges": null, "incomeBeforeTax": "3444000000.00", "minorityInterest": "3000000.00", "netIncome": "2825000000.00", "sellingGeneralAdministrative": "84000000.00", "sellingAndMarketingExpenses": "2014000000.00", "grossProfit": "6497000000.00", "reconciledDepreciation": "307000000.00", "ebit": "3088000000.00", "ebitda": "3949000000.00", "depreciationAndAmortization": "861000000.00", "nonOperatingIncomeNetOther": "607000000.00", "operatingIncome": "3088000000.00", "otherOperatingExpenses": "7975000000.00", "interestExpense": "198000000.00", "taxProvision": "622000000.00", "interestIncome": "128000000.00", "netInterestIncome": "-70000000.00", "extraordinaryItems": null, "nonRecurring": null, "otherItems": null, "incomeTaxExpense": "622000000.00", "totalRevenue": "11063000000.00", "totalOperatingExpenses": "3409000000.00", "costOfRevenue": "4566000000.00", "totalOtherIncomeExpenseNet": "356000000.00", "discontinuedOperations": null, "netIncomeFromContinuingOps": "2822000000.00", "netIncomeApplicableToCommonShares": "2825000000.00", "preferredStockAndOtherAdjustments": null}, "2022-06-30": {"date": "2022-06-30", "filing_date": "2022-07-27", "currency_symbol": "USD", "researchDevelopment": null, "effectOfAccountingCharges": null, "incomeBeforeTax": "2284000000.00", "minorityInterest": "5000000.00", "netIncome": "1905000000.00", "sellingGeneralAdministrative": "102000000.00", "sellingAndMarketingExpenses": "1853000000.00", "grossProfit": "6495000000.00", "reconciledDepreciation": "322000000.00", "ebit": "2341000000.00", "ebitda": "2804000000.00", "depreciationAndAmortization": "463000000.00", "nonOperatingIncomeNetOther": "492000000.00", "operatingIncome": "2341000000.00", "otherOperatingExpenses": "8984000000.00", "interestExpense": "198000000.00", "taxProvision": "384000000.00", "interestIncome": "100000000.00", "netInterestIncome": "-98000000.00", "extraordinaryItems": null, "nonRecurring": null, "otherItems": null, "incomeTaxExpense": "384000000.00", "totalRevenue": "11325000000.00", "totalOperatingExpenses": "4154000000.00", "costOfRevenue": "4830000000.00", "totalOtherIncomeExpenseNet": "-57000000.00", "discontinuedOperations": null, "netIncomeFromContinuingOps": "1900000000.00", "netIncomeApplicableToCommonShares": "1905000000.00", "preferredStockAndOtherAdjustments": null}, "2022-03-31": {"date": "2022-03-31", "filing_date": "2022-04-28", "currency_symbol": "USD", "researchDevelopment": null, "effectOfAccountingCharges": null, "incomeBeforeTax": "3458000000.00", "minorityInterest": "-12000000.00", "netIncome": "2793000000.00", "sellingGeneralAdministrative": "87000000.00", "sellingAndMarketingExpenses": "1635000000.00", "grossProfit": "6400000000.00", "reconciledDepreciation": "324000000.00", "ebit": "3405000000.00", "ebitda": "3964000000.00", "depreciationAndAmortization": "559000000.00", "nonOperatingIncomeNetOther": "340000000.00", "operatingIncome": "3405000000.00", "otherOperatingExpenses": "7086000000.00", "interestExpense": "182000000.00", "taxProvision": "665000000.00", "interestIncome": "78000000.00", "netInterestIncome": "-104000000.00", "extraordinaryItems": null, "nonRecurring": null, "otherItems": null, "incomeTaxExpense": "665000000.00", "totalRevenue": "10491000000.00", "totalOperatingExpenses": "2995000000.00", "costOfRevenue": "4091000000.00", "totalOtherIncomeExpenseNet": "53000000.00", "discontinuedOperations": null, "netIncomeFromContinuingOps": "2793000000.00", "netIncomeApplicableToCommonShares": "2781000000.00", "preferredStockAndOtherAdjustments": null}, "2021-12-31": {"date": "2021-12-31", "filing_date": "2022-02-22", "currency_symbol": "USD", "researchDevelopment": null, "effectOfAccountingCharges": null, "incomeBeforeTax": "2960000000.00", "minorityInterest": "-36000000.00", "netIncome": "2450000000.00", "sellingGeneralAdministrative": "101000000.00", "sellingAndMarketingExpenses": "1640000000.00", "grossProfit": "5376000000.00", "reconciledDepreciation": "341000000.00", "ebit": "3089000000.00", "ebitda": "3430000000.00", "depreciationAndAmortization": "341000000.00", "nonOperatingIncomeNetOther": "2373000000.00", "operatingIncome": "3089000000.00", "otherOperatingExpenses": "7061000000.00", "interestExpense": "165000000.00", "taxProvision": "510000000.00", "interestIncome": "71000000.00", "netInterestIncome": "-94000000.00", "extraordinaryItems": null, "nonRecurring": null, "otherItems": null, "incomeTaxExpense": "510000000.00", "totalRevenue": "9464000000.00", "totalOperatingExpenses": "3380000000.00", "costOfRevenue": "4088000000.00", "totalOtherIncomeExpenseNet": "-129000000.00", "discontinuedOperations": null, "netIncomeFromContinuingOps": "2450000000.00", "netIncomeApplicableToCommonShares": "2414000000.00", "preferredStockAndOtherAdjustments": null}, "2021-09-30": {"date": "2021-09-30", "filing_date": "2021-10-28", "currency_symbol": "USD", "researchDevelopment": null, "effectOfAccountingCharges": null, "incomeBeforeTax": "3084000000.00", "minorityInterest": "-4000000.00", "netIncome": "2471000000.00", "sellingGeneralAdministrative": "88000000.00", "sellingAndMarketingExpenses": "1779000000.00", "grossProfit": "6065000000.00", "reconciledDepreciation": "362000000.00", "ebit": "3290000000.00", "ebitda": "3652000000.00", "depreciationAndAmortization": "362000000.00", "nonOperatingIncomeNetOther": "523000000.00", "operatingIncome": "2898000000.00", "otherOperatingExpenses": "7144000000.00", "interestExpense": "210000000.00", "taxProvision": "609000000.00", "interestIncome": "68000000.00", "netInterestIncome": "-142000000.00", "extraordinaryItems": null, "nonRecurring": null, "otherItems": null, "incomeTaxExpense": "609000000.00", "totalRevenue": "10042000000.00", "totalOperatingExpenses": "3153000000.00", "costOfRevenue": "3977000000.00", "totalOtherIncomeExpenseNet": "186000000.00", "discontinuedOperations": null, "netIncomeFromContinuingOps": "2475000000.00", "netIncomeApplicableToCommonShares": "2471000000.00", "preferredStockAndOtherAdjustments": null}, "2021-06-30": {"date": "2021-06-30", "filing_date": "2021-07-26", "currency_symbol": "USD", "researchDevelopment": null, "effectOfAccountingCharges": null, "incomeBeforeTax": "3618000000.00", "minorityInterest": "2006000000.00", "netIncome": "2641000000.00", "sellingGeneralAdministrative": "90000000.00", "sellingAndMarketingExpenses": "1734000000.00", "grossProfit": "6342000000.00", "reconciledDepreciation": "383000000.00", "ebit": "4415000000.00", "ebitda": "4798000000.00", "depreciationAndAmortization": "383000000.00", "nonOperatingIncomeNetOther": "473000000.00", "operatingIncome": "3016000000.00", "otherOperatingExpenses": "6826000000.00", "interestExpense": "780000000.00", "taxProvision": "994000000.00", "interestIncome": "307000000.00", "netInterestIncome": "-709000000.00", "extraordinaryItems": null, "nonRecurring": null, "otherItems": null, "incomeTaxExpense": "994000000.00", "totalRevenue": "10129000000.00", "totalOperatingExpenses": "3039000000.00", "costOfRevenue": "3787000000.00", "totalOtherIncomeExpenseNet": "602000000.00", "discontinuedOperations": null, "netIncomeFromContinuingOps": "2624000000.00", "netIncomeApplicableToCommonShares": "2641000000.00", "preferredStockAndOtherAdjustments": null}, "2021-03-31": {"date": "2021-03-31", "filing_date": "2021-04-27", "currency_symbol": "USD", "researchDevelopment": null, "effectOfAccountingCharges": null, "incomeBeforeTax": "2763000000.00", "minorityInterest": "10000000.00", "netIncome": "2245000000.00", "sellingGeneralAdministrative": "58000000.00", "sellingAndMarketingExpenses": "1519000000.00", "grossProfit": "5515000000.00", "reconciledDepreciation": "366000000.00", "ebit": "3195000000.00", "ebitda": "3561000000.00", "depreciationAndAmortization": "366000000.00", "nonOperatingIncomeNetOther": "345000000.00", "operatingIncome": "2722000000.00", "otherOperatingExpenses": "6174000000.00", "interestExpense": "442000000.00", "taxProvision": "508000000.00", "interestIncome": "66000000.00", "netInterestIncome": "-376000000.00", "extraordinaryItems": null, "nonRecurring": null, "otherItems": null, "incomeTaxExpense": "508000000.00", "totalRevenue": "9020000000.00", "totalOperatingExpenses": "2687000000.00", "costOfRevenue": "3505000000.00", "totalOtherIncomeExpenseNet": "41000000.00", "discontinuedOperations": null, "netIncomeFromContinuingOps": "2255000000.00", "netIncomeApplicableToCommonShares": "2245000000.00", "preferredStockAndOtherAdjustments": null}, "2020-12-31": {"date": "2020-12-31", "filing_date": "2021-02-25", "currency_symbol": "USD", "researchDevelopment": null, "effectOfAccountingCharges": null, "incomeBeforeTax": "2361000000.00", "minorityInterest": "18000000.00", "netIncome": "1456000000.00", "sellingGeneralAdministrative": "38000000.00", "sellingAndMarketingExpenses": "1371000000.00", "grossProfit": "5033000000.00", "reconciledDepreciation": "430000000.00", "ebit": "2653000000.00", "ebitda": "3083000000.00", "depreciationAndAmortization": "430000000.00", "nonOperatingIncomeNetOther": "1121000000.00", "operatingIncome": "2338000000.00", "otherOperatingExpenses": "5446000000.00", "interestExpense": "310000000.00", "taxProvision": "887000000.00", "interestIncome": "30000000.00", "netInterestIncome": "-234000000.00", "extraordinaryItems": null, "nonRecurring": null, "otherItems": null, "incomeTaxExpense": "887000000.00", "totalRevenue": "8611000000.00", "totalOperatingExpenses": "1967000000.00", "costOfRevenue": "3578000000.00", "totalOtherIncomeExpenseNet": "23000000.00", "discontinuedOperations": null, "netIncomeFromContinuingOps": "1474000000.00", "netIncomeApplicableToCommonShares": "1456000000.00", "preferredStockAndOtherAdjustments": null}, "2020-09-30": {"date": "2020-09-30", "filing_date": "2020-10-22", "currency_symbol": "USD", "researchDevelopment": null, "effectOfAccountingCharges": null, "incomeBeforeTax": "2181000000.00", "minorityInterest": "3000000.00", "netIncome": "1737000000.00", "sellingGeneralAdministrative": "52000000.00", "sellingAndMarketingExpenses": "1505000000.00", "grossProfit": "5181000000.00", "reconciledDepreciation": "358000000.00", "ebit": "2838000000.00", "ebitda": "3196000000.00", "depreciationAndAmortization": "358000000.00", "nonOperatingIncomeNetOther": "513000000.00", "operatingIncome": "2298000000.00", "otherOperatingExpenses": "6354000000.00", "interestExpense": "660000000.00", "taxProvision": "441000000.00", "interestIncome": "132000000.00", "netInterestIncome": "-578000000.00", "extraordinaryItems": null, "nonRecurring": null, "otherItems": null, "incomeTaxExpense": "441000000.00", "totalRevenue": "8652000000.00", "totalOperatingExpenses": "2883000000.00", "costOfRevenue": "3471000000.00", "totalOtherIncomeExpenseNet": "-117000000.00", "discontinuedOperations": null, "netIncomeFromContinuingOps": "1740000000.00", "netIncomeApplicableToCommonShares": "1737000000.00", "preferredStockAndOtherAdjustments": null}, "2020-06-30": {"date": "2020-06-30", "filing_date": "2020-07-22", "currency_symbol": "USD", "researchDevelopment": null, "effectOfAccountingCharges": null, "incomeBeforeTax": "2197000000.00", "minorityInterest": "-20000000.00", "netIncome": "1779000000.00", "sellingGeneralAdministrative": "41000000.00", "sellingAndMarketingExpenses": "939000000.00", "grossProfit": "4137000000.00", "reconciledDepreciation": "381000000.00", "ebit": "2491000000.00", "ebitda": "2872000000.00", "depreciationAndAmortization": "381000000.00", "nonOperatingIncomeNetOther": "276000000.00", "operatingIncome": "1981000000.00", "otherOperatingExpenses": "5169000000.00", "interestExpense": "274000000.00", "taxProvision": "438000000.00", "interestIncome": "100000000.00", "netInterestIncome": "-174000000.00", "extraordinaryItems": null, "nonRecurring": null, "otherItems": null, "incomeTaxExpense": "438000000.00", "totalRevenue": "7150000000.00", "totalOperatingExpenses": "2156000000.00", "costOfRevenue": "3013000000.00", "totalOtherIncomeExpenseNet": "216000000.00", "discontinuedOperations": null, "netIncomeFromContinuingOps": "1759000000.00", "netIncomeApplicableToCommonShares": "1779000000.00", "preferredStockAndOtherAdjustments": null}, "2020-03-31": {"date": "2020-03-31", "filing_date": "2020-04-24", "currency_symbol": "USD", "researchDevelopment": null, "effectOfAccountingCharges": null, "incomeBeforeTax": "3010000000.00", "minorityInterest": "20000000.00", "netIncome": "2775000000.00", "sellingGeneralAdministrative": "5000000.00", "sellingAndMarketingExpenses": "1600000000.00", "grossProfit": "5230000000.00", "reconciledDepreciation": "367000000.00", "ebit": "3183000000.00", "ebitda": "3550000000.00", "depreciationAndAmortization": "367000000.00", "nonOperatingIncomeNetOther": "279000000.00", "operatingIncome": "2380000000.00", "otherOperatingExpenses": "5301000000.00", "interestExpense": "193000000.00", "taxProvision": "215000000.00", "interestIncome": "112000000.00", "netInterestIncome": "-81000000.00", "extraordinaryItems": null, "nonRecurring": null, "otherItems": null, "incomeTaxExpense": "215000000.00", "totalRevenue": "8601000000.00", "totalOperatingExpenses": "2850000000.00", "costOfRevenue": "3371000000.00", "totalOtherIncomeExpenseNet": "630000000.00", "discontinuedOperations": null, "netIncomeFromContinuingOps": "2795000000.00", "netIncomeApplicableToCommonShares": "2775000000.00", "preferredStockAndOtherAdjustments": null}, "2019-12-31": {"date": "2019-12-31", "filing_date": "2020-02-24", "currency_symbol": "USD", "researchDevelopment": null, "effectOfAccountingCharges": null, "incomeBeforeTax": "2420000000.00", "minorityInterest": "23000000.00", "netIncome": "2042000000.00", "sellingGeneralAdministrative": "55000000.00", "sellingAndMarketingExpenses": "1679000000.00", "grossProfit": "5502000000.00", "reconciledDepreciation": "400000000.00", "ebit": "2632000000.00", "ebitda": "3032000000.00", "depreciationAndAmortization": "400000000.00", "nonOperatingIncomeNetOther": "648000000.00", "operatingIncome": "2164000000.00", "otherOperatingExpenses": "6801000000.00", "interestExpense": "235000000.00", "taxProvision": "355000000.00", "interestIncome": "135000000.00", "netInterestIncome": "-100000000.00", "extraordinaryItems": null, "nonRecurring": null, "otherItems": null, "incomeTaxExpense": "355000000.00", "totalRevenue": "9068000000.00", "totalOperatingExpenses": "3155000000.00", "costOfRevenue": "3566000000.00", "totalOtherIncomeExpenseNet": "256000000.00", "discontinuedOperations": null, "netIncomeFromContinuingOps": "2122000000.00", "netIncomeApplicableToCommonShares": "2042000000.00", "preferredStockAndOtherAdjustments": null}, "2019-09-30": {"date": "2019-09-30", "filing_date": "2019-10-24", "currency_symbol": "USD", "researchDevelopment": null, "effectOfAccountingCharges": null, "incomeBeforeTax": "3092000000.00", "minorityInterest": "-4000000.00", "netIncome": "2593000000.00", "sellingGeneralAdministrative": "58000000.00", "sellingAndMarketingExpenses": "1934000000.00", "grossProfit": "5740000000.00", "reconciledDepreciation": "363000000.00", "ebit": "3326000000.00", "ebitda": "3689000000.00", "depreciationAndAmortization": "363000000.00", "nonOperatingIncomeNetOther": "499000000.00", "operatingIncome": "2499000000.00", "otherOperatingExpenses": "7486000000.00", "interestExpense": "230000000.00", "taxProvision": "503000000.00", "interestIncome": "153000000.00", "netInterestIncome": "-77000000.00", "extraordinaryItems": null, "nonRecurring": null, "otherItems": null, "incomeTaxExpense": "503000000.00", "totalRevenue": "9507000000.00", "totalOperatingExpenses": "3241000000.00", "costOfRevenue": "3767000000.00", "totalOtherIncomeExpenseNet": "593000000.00", "discontinuedOperations": null, "netIncomeFromContinuingOps": "2589000000.00", "netIncomeApplicableToCommonShares": "2593000000.00", "preferredStockAndOtherAdjustments": null}, "2019-06-30": {"date": "2019-06-30", "filing_date": "2019-07-25", "currency_symbol": "USD", "researchDevelopment": null, "effectOfAccountingCharges": null, "incomeBeforeTax": "3049000000.00", "minorityInterest": "21000000.00", "netIncome": "2607000000.00", "sellingGeneralAdministrative": "48000000.00", "sellingAndMarketingExpenses": "1878000000.00", "grossProfit": "6076000000.00", "reconciledDepreciation": "327000000.00", "ebit": "3264000000.00", "ebitda": "3591000000.00", "depreciationAndAmortization": "327000000.00", "nonOperatingIncomeNetOther": "471000000.00", "operatingIncome": "2988000000.00", "otherOperatingExpenses": "7058000000.00", "interestExpense": "236000000.00", "taxProvision": "421000000.00", "interestIncome": "142000000.00", "netInterestIncome": "-94000000.00", "extraordinaryItems": null, "nonRecurring": null, "otherItems": null, "incomeTaxExpense": "421000000.00", "totalRevenue": "9997000000.00", "totalOperatingExpenses": "3088000000.00", "costOfRevenue": "3921000000.00", "totalOtherIncomeExpenseNet": "61000000.00", "discontinuedOperations": null, "netIncomeFromContinuingOps": "2628000000.00", "netIncomeApplicableToCommonShares": "2607000000.00", "preferredStockAndOtherAdjustments": null}, "2019-03-31": {"date": "2019-03-31", "filing_date": "2019-04-25", "currency_symbol": "USD", "researchDevelopment": null, "effectOfAccountingCharges": null, "incomeBeforeTax": "2225000000.00", "minorityInterest": "25000000.00", "netIncome": "1678000000.00", "sellingGeneralAdministrative": "40000000.00", "sellingAndMarketingExpenses": "1508000000.00", "grossProfit": "5329000000.00", "reconciledDepreciation": "275000000.00", "ebit": "2432000000.00", "ebitda": "2707000000.00", "depreciationAndAmortization": "275000000.00", "nonOperatingIncomeNetOther": "28000000.00", "operatingIncome": "2336000000.00", "otherOperatingExpenses": "6684000000.00", "interestExpense": "232000000.00", "taxProvision": "486000000.00", "interestIncome": "129000000.00", "netInterestIncome": "-103000000.00", "extraordinaryItems": null, "nonRecurring": null, "otherItems": null, "incomeTaxExpense": "522000000.00", "totalRevenue": "8694000000.00", "totalOperatingExpenses": "2694000000.00", "costOfRevenue": "3365000000.00", "totalOtherIncomeExpenseNet": "-111000000.00", "discontinuedOperations": "57000000.00", "netIncomeFromContinuingOps": "1646000000.00", "netIncomeApplicableToCommonShares": "1678000000.00", "preferredStockAndOtherAdjustments": null}, "2018-12-31": {"date": "2018-12-31", "filing_date": "2019-02-21", "currency_symbol": "USD", "researchDevelopment": "0.00", "effectOfAccountingCharges": "0.00", "incomeBeforeTax": "787000000.00", "minorityInterest": "57000000.00", "netIncome": "870000000.00", "sellingGeneralAdministrative": "58000000.00", "sellingAndMarketingExpenses": "1143000000.00", "grossProfit": "4337000000.00", "reconciledDepreciation": "279000000.00", "ebit": "1107000000.00", "ebitda": "1386000000.00", "depreciationAndAmortization": "279000000.00", "nonOperatingIncomeNetOther": "-607000000.00", "operatingIncome": "1636000000.00", "otherOperatingExpenses": "5257000000.00", "interestExpense": "242000000.00", "taxProvision": null, "interestIncome": null, "netInterestIncome": null, "extraordinaryItems": "1000000.00", "nonRecurring": "0.00", "otherItems": "0.00", "incomeTaxExpense": "-5000000.00", "totalRevenue": "7058000000.00", "totalOperatingExpenses": "2060000000.00", "costOfRevenue": "2721000000.00", "totalOtherIncomeExpenseNet": "-849000000.00", "discontinuedOperations": "135000000.00", "netIncomeFromContinuingOps": "792000000.00", "netIncomeApplicableToCommonShares": "870000000.00", "preferredStockAndOtherAdjustments": null}, "2018-09-30": {"date": "2018-09-30", "filing_date": "2018-10-30", "currency_symbol": "USD", "researchDevelopment": "0.00", "effectOfAccountingCharges": "0.00", "incomeBeforeTax": "2373000000.00", "minorityInterest": "-62000000.00", "netIncome": "1880000000.00", "sellingGeneralAdministrative": "46000000.00", "sellingAndMarketingExpenses": "1599000000.00", "grossProfit": "5429000000.00", "reconciledDepreciation": "254000000.00", "ebit": "2766000000.00", "ebitda": "3020000000.00", "depreciationAndAmortization": "254000000.00", "nonOperatingIncomeNetOther": "527000000.00", "operatingIncome": "2526000000.00", "otherOperatingExpenses": "7190000000.00", "interestExpense": "206000000.00", "taxProvision": null, "interestIncome": null, "netInterestIncome": null, "extraordinaryItems": "0.00", "nonRecurring": "0.00", "otherItems": "0.00", "incomeTaxExpense": "680000000.00", "totalRevenue": "8775000000.00", "totalOperatingExpenses": "2660000000.00", "costOfRevenue": "3346000000.00", "totalOtherIncomeExpenseNet": "-153000000.00", "discontinuedOperations": "-501000000.00", "netIncomeFromContinuingOps": "2319000000.00", "netIncomeApplicableToCommonShares": "1880000000.00", "preferredStockAndOtherAdjustments": null}, "2018-06-30": {"date": "2018-06-30", "filing_date": "2018-07-26", "currency_symbol": "USD", "researchDevelopment": "0.00", "effectOfAccountingCharges": "0.00", "incomeBeforeTax": "2942000000.00", "minorityInterest": "15000000.00", "netIncome": "2316000000.00", "sellingGeneralAdministrative": "49000000.00", "sellingAndMarketingExpenses": "1659000000.00", "grossProfit": "5878000000.00", "reconciledDepreciation": "283000000.00", "ebit": "3210000000.00", "ebitda": "3493000000.00", "depreciationAndAmortization": "283000000.00", "nonOperatingIncomeNetOther": "397000000.00", "operatingIncome": "2727000000.00", "otherOperatingExpenses": "6861000000.00", "interestExpense": "241000000.00", "taxProvision": null, "interestIncome": null, "netInterestIncome": null, "extraordinaryItems": "0.00", "nonRecurring": "0.00", "otherItems": "0.00", "incomeTaxExpense": "653000000.00", "totalRevenue": "9421000000.00", "totalOperatingExpenses": "2948000000.00", "costOfRevenue": "3543000000.00", "totalOtherIncomeExpenseNet": "215000000.00", "discontinuedOperations": "42000000.00", "netIncomeFromContinuingOps": "2289000000.00", "netIncomeApplicableToCommonShares": "2316000000.00", "preferredStockAndOtherAdjustments": null}, "2018-03-31": {"date": "2018-03-31", "filing_date": "2018-05-01", "currency_symbol": "USD", "researchDevelopment": "0.00", "effectOfAccountingCharges": "0.00", "incomeBeforeTax": "1945000000.00", "minorityInterest": "32000000.00", "netIncome": "1368000000.00", "sellingGeneralAdministrative": "72000000.00", "sellingAndMarketingExpenses": "1413000000.00", "grossProfit": "5222000000.00", "reconciledDepreciation": "270000000.00", "ebit": "1967000000.00", "ebitda": "2237000000.00", "depreciationAndAmortization": "270000000.00", "nonOperatingIncomeNetOther": "252000000.00", "operatingIncome": "1811000000.00", "otherOperatingExpenses": "6405000000.00", "interestExpense": "230000000.00", "taxProvision": null, "interestIncome": null, "netInterestIncome": null, "extraordinaryItems": "0.00", "nonRecurring": "0.00", "otherItems": "0.00", "incomeTaxExpense": "369000000.00", "totalRevenue": "8298000000.00", "totalOperatingExpenses": "3077000000.00", "costOfRevenue": "3076000000.00", "totalOtherIncomeExpenseNet": "134000000.00", "discontinuedOperations": "73000000.00", "netIncomeFromContinuingOps": "1327000000.00", "netIncomeApplicableToCommonShares": "1368000000.00", "preferredStockAndOtherAdjustments": null}, "2017-12-31": {"date": "2017-12-31", "filing_date": "2018-02-23", "currency_symbol": "USD", "researchDevelopment": "0.00", "effectOfAccountingCharges": "0.00", "incomeBeforeTax": "937000000.00", "minorityInterest": "35000000.00", "netIncome": "-2752000000.00", "sellingGeneralAdministrative": "52000000.00", "sellingAndMarketingExpenses": "1601000000.00", "grossProfit": "4823000000.00", "reconciledDepreciation": "334000000.00", "ebit": "1213000000.00", "ebitda": "1547000000.00", "depreciationAndAmortization": "334000000.00", "nonOperatingIncomeNetOther": "-174000000.00", "operatingIncome": "1321000000.00", "otherOperatingExpenses": "5756000000.00", "interestExpense": "210000000.00", "taxProvision": null, "interestIncome": null, "netInterestIncome": null, "extraordinaryItems": "0.00", "nonRecurring": "0.00", "otherItems": "0.00", "incomeTaxExpense": "3755000000.00", "totalRevenue": "7512000000.00", "totalOperatingExpenses": "2001000000.00", "costOfRevenue": "2689000000.00", "totalOtherIncomeExpenseNet": "-384000000.00", "discontinuedOperations": "101000000.00", "netIncomeFromContinuingOps": "-2818000000.00", "netIncomeApplicableToCommonShares": "-2752000000.00", "preferredStockAndOtherAdjustments": null}, "2017-09-30": {"date": "2017-09-30", "filing_date": "2017-10-26", "currency_symbol": "USD", "researchDevelopment": "0.00", "effectOfAccountingCharges": "0.00", "incomeBeforeTax": "1674000000.00", "minorityInterest": "-3000000.00", "netIncome": "1447000000.00", "sellingGeneralAdministrative": "53000000.00", "sellingAndMarketingExpenses": "1812000000.00", "grossProfit": "5684000000.00", "reconciledDepreciation": "297000000.00", "ebit": "1885000000.00", "ebitda": "2182000000.00", "depreciationAndAmortization": "297000000.00", "nonOperatingIncomeNetOther": "-238000000.00", "operatingIncome": "2120000000.00", "otherOperatingExpenses": "7754000000.00", "interestExpense": "208000000.00", "taxProvision": null, "interestIncome": null, "netInterestIncome": null, "extraordinaryItems": "0.00", "nonRecurring": "0.00", "otherItems": "0.00", "incomeTaxExpense": "230000000.00", "totalRevenue": "9078000000.00", "totalOperatingExpenses": "3563000000.00", "costOfRevenue": "3394000000.00", "totalOtherIncomeExpenseNet": "-446000000.00", "discontinuedOperations": "1616000000.00", "netIncomeFromContinuingOps": "1444000000.00", "netIncomeApplicableToCommonShares": "1447000000.00", "preferredStockAndOtherAdjustments": null}, "2017-06-30": {"date": "2017-06-30", "filing_date": "2017-07-27", "currency_symbol": "USD", "researchDevelopment": "0.00", "effectOfAccountingCharges": "0.00", "incomeBeforeTax": "2624000000.00", "minorityInterest": "1000000.00", "netIncome": "1371000000.00", "sellingGeneralAdministrative": "59000000.00", "sellingAndMarketingExpenses": "1823000000.00", "grossProfit": "6043000000.00", "reconciledDepreciation": "301000000.00", "ebit": "2854000000.00", "ebitda": "3155000000.00", "depreciationAndAmortization": "301000000.00", "nonOperatingIncomeNetOther": "777000000.00", "operatingIncome": "2078000000.00", "otherOperatingExpenses": "6801000000.00", "interestExpense": "231000000.00", "taxProvision": null, "interestIncome": null, "netInterestIncome": null, "extraordinaryItems": "0.00", "nonRecurring": "0.00", "otherItems": "0.00", "incomeTaxExpense": "1252000000.00", "totalRevenue": "9702000000.00", "totalOperatingExpenses": "3965000000.00", "costOfRevenue": "3659000000.00", "totalOtherIncomeExpenseNet": "546000000.00", "discontinuedOperations": "-606000000.00", "netIncomeFromContinuingOps": "1372000000.00", "netIncomeApplicableToCommonShares": "1371000000.00", "preferredStockAndOtherAdjustments": null}, "2017-03-31": {"date": "2017-03-31", "filing_date": "2017-04-27", "currency_symbol": "USD", "researchDevelopment": "0.00", "effectOfAccountingCharges": "0.00", "incomeBeforeTax": "1507000000.00", "minorityInterest": "2000000.00", "netIncome": "1182000000.00", "sellingGeneralAdministrative": "55000000.00", "sellingAndMarketingExpenses": "1979000000.00", "grossProfit": "5605000000.00", "reconciledDepreciation": "328000000.00", "ebit": "1697000000.00", "ebitda": "2025000000.00", "depreciationAndAmortization": "328000000.00", "nonOperatingIncomeNetOther": "-283000000.00", "operatingIncome": "1982000000.00", "otherOperatingExpenses": "6828000000.00", "interestExpense": "192000000.00", "taxProvision": null, "interestIncome": null, "netInterestIncome": null, "extraordinaryItems": "0.00", "nonRecurring": "0.00", "otherItems": "0.00", "incomeTaxExpense": "323000000.00", "totalRevenue": "9118000000.00", "totalOperatingExpenses": "3623000000.00", "costOfRevenue": "3513000000.00", "totalOtherIncomeExpenseNet": "-475000000.00", "discontinuedOperations": "101000000.00", "netIncomeFromContinuingOps": "1184000000.00", "netIncomeApplicableToCommonShares": "1182000000.00", "preferredStockAndOtherAdjustments": null}, "2016-12-31": {"date": "2016-12-31", "filing_date": "2017-02-24", "currency_symbol": "USD", "researchDevelopment": "0.00", "effectOfAccountingCharges": "0.00", "incomeBeforeTax": "515000000.00", "minorityInterest": "-3000000.00", "netIncome": "550000000.00", "sellingGeneralAdministrative": "67000000.00", "sellingAndMarketingExpenses": "2115000000.00", "grossProfit": "5615000000.00", "reconciledDepreciation": "464000000.00", "ebit": "766000000.00", "ebitda": "1230000000.00", "depreciationAndAmortization": "464000000.00", "nonOperatingIncomeNetOther": "-592000000.00", "operatingIncome": "1355000000.00", "otherOperatingExpenses": "7374000000.00", "interestExpense": "248000000.00", "taxProvision": null, "interestIncome": null, "netInterestIncome": null, "extraordinaryItems": "0.00", "nonRecurring": "0.00", "otherItems": "0.00", "incomeTaxExpense": "-32000000.00", "totalRevenue": "9409000000.00", "totalOperatingExpenses": "3288000000.00", "costOfRevenue": "3794000000.00", "totalOtherIncomeExpenseNet": "-840000000.00", "discontinuedOperations": "101000000.00", "netIncomeFromContinuingOps": "547000000.00", "netIncomeApplicableToCommonShares": "550000000.00", "preferredStockAndOtherAdjustments": null}, "2016-09-30": {"date": "2016-09-30", "filing_date": "2016-10-27", "currency_symbol": "USD", "researchDevelopment": "0.00", "effectOfAccountingCharges": "0.00", "incomeBeforeTax": "1428000000.00", "minorityInterest": "4000000.00", "netIncome": "1046000000.00", "sellingGeneralAdministrative": "72000000.00", "sellingAndMarketingExpenses": "2410000000.00", "grossProfit": "6502000000.00", "reconciledDepreciation": "420000000.00", "ebit": "1606000000.00", "ebitda": "2026000000.00", "depreciationAndAmortization": "420000000.00", "nonOperatingIncomeNetOther": "-661000000.00", "operatingIncome": "2271000000.00", "otherOperatingExpenses": "8140000000.00", "interestExpense": "182000000.00", "taxProvision": null, "interestIncome": null, "netInterestIncome": null, "extraordinaryItems": "0.00", "nonRecurring": "0.00", "otherItems": "0.00", "incomeTaxExpense": "378000000.00", "totalRevenue": "10633000000.00", "totalOperatingExpenses": "4231000000.00", "costOfRevenue": "4131000000.00", "totalOtherIncomeExpenseNet": "-843000000.00", "discontinuedOperations": "0.00", "netIncomeFromContinuingOps": "1050000000.00", "netIncomeApplicableToCommonShares": "1046000000.00", "preferredStockAndOtherAdjustments": null}, "2016-06-30": {"date": "2016-06-30", "filing_date": "2016-07-28", "currency_symbol": "USD", "researchDevelopment": "0.00", "effectOfAccountingCharges": "0.00", "incomeBeforeTax": "4299000000.00", "minorityInterest": "12000000.00", "netIncome": "3448000000.00", "sellingGeneralAdministrative": "50000000.00", "sellingAndMarketingExpenses": "2357000000.00", "grossProfit": "7068000000.00", "reconciledDepreciation": "445000000.00", "ebit": "4449000000.00", "ebitda": "4894000000.00", "depreciationAndAmortization": "445000000.00", "nonOperatingIncomeNetOther": "1602000000.00", "operatingIncome": "2859000000.00", "otherOperatingExpenses": "7574000000.00", "interestExpense": "162000000.00", "taxProvision": null, "interestIncome": null, "netInterestIncome": null, "extraordinaryItems": "0.00", "nonRecurring": "0.00", "otherItems": "0.00", "incomeTaxExpense": "839000000.00", "totalRevenue": "11539000000.00", "totalOperatingExpenses": "4209000000.00", "costOfRevenue": "4471000000.00", "totalOtherIncomeExpenseNet": "1440000000.00", "discontinuedOperations": "0.00", "netIncomeFromContinuingOps": "3460000000.00", "netIncomeApplicableToCommonShares": "3448000000.00", "preferredStockAndOtherAdjustments": null}, "2016-03-31": {"date": "2016-03-31", "filing_date": "2016-04-28", "currency_symbol": "USD", "researchDevelopment": "0.00", "effectOfAccountingCharges": "0.00", "incomeBeforeTax": "1894000000.00", "minorityInterest": "10000000.00", "netIncome": "1483000000.00", "sellingGeneralAdministrative": "69000000.00", "sellingAndMarketingExpenses": "2299000000.00", "grossProfit": "6213000000.00", "reconciledDepreciation": "458000000.00", "ebit": "2025000000.00", "ebitda": "2483000000.00", "depreciationAndAmortization": "458000000.00", "nonOperatingIncomeNetOther": "-106000000.00", "operatingIncome": "2141000000.00", "otherOperatingExpenses": "8492000000.00", "interestExpense": "141000000.00", "taxProvision": null, "interestIncome": null, "netInterestIncome": null, "extraordinaryItems": "0.00", "nonRecurring": "0.00", "otherItems": "0.00", "incomeTaxExpense": "401000000.00", "totalRevenue": "10282000000.00", "totalOperatingExpenses": "4072000000.00", "costOfRevenue": "4069000000.00", "totalOtherIncomeExpenseNet": "-247000000.00", "discontinuedOperations": "0.00", "netIncomeFromContinuingOps": "1493000000.00", "netIncomeApplicableToCommonShares": "1483000000.00", "preferredStockAndOtherAdjustments": null}, "2015-12-31": {"date": "2015-12-31", "filing_date": "2016-02-25", "currency_symbol": "USD", "researchDevelopment": "0.00", "effectOfAccountingCharges": "0.00", "incomeBeforeTax": "1538000000.00", "minorityInterest": "-1000000.00", "netIncome": "1237000000.00", "sellingGeneralAdministrative": "65000000.00", "sellingAndMarketingExpenses": "2307000000.00", "grossProfit": "5946000000.00", "reconciledDepreciation": "527000000.00", "ebit": "1682000000.00", "ebitda": "2209000000.00", "depreciationAndAmortization": "527000000.00", "nonOperatingIncomeNetOther": "163000000.00", "operatingIncome": "1518000000.00", "otherOperatingExpenses": "7991000000.00", "interestExpense": "143000000.00", "taxProvision": null, "interestIncome": null, "netInterestIncome": null, "extraordinaryItems": "0.00", "nonRecurring": "0.00", "otherItems": "0.00", "incomeTaxExpense": "302000000.00", "totalRevenue": "10000000000.00", "totalOperatingExpenses": "3507000000.00", "costOfRevenue": "4054000000.00", "totalOtherIncomeExpenseNet": "20000000.00", "discontinuedOperations": "101000000.00", "netIncomeFromContinuingOps": "1236000000.00", "netIncomeApplicableToCommonShares": "1237000000.00", "preferredStockAndOtherAdjustments": null}, "2015-09-30": {"date": "2015-09-30", "filing_date": "2015-10-28", "currency_symbol": "USD", "researchDevelopment": "0.00", "effectOfAccountingCharges": "0.00", "incomeBeforeTax": "1725000000.00", "minorityInterest": "4000000.00", "netIncome": "1449000000.00", "sellingGeneralAdministrative": "54000000.00", "sellingAndMarketingExpenses": "2603000000.00", "grossProfit": "6850000000.00", "reconciledDepreciation": "482000000.00", "ebit": "1859000000.00", "ebitda": "2341000000.00", "depreciationAndAmortization": "482000000.00", "nonOperatingIncomeNetOther": "-516000000.00", "operatingIncome": "2379000000.00", "otherOperatingExpenses": "9048000000.00", "interestExpense": "138000000.00", "taxProvision": null, "interestIncome": null, "netInterestIncome": null, "extraordinaryItems": "0.00", "nonRecurring": "0.00", "otherItems": "0.00", "incomeTaxExpense": "272000000.00", "totalRevenue": "11427000000.00", "totalOperatingExpenses": "4471000000.00", "costOfRevenue": "4577000000.00", "totalOtherIncomeExpenseNet": "-654000000.00", "discontinuedOperations": "0.00", "netIncomeFromContinuingOps": "1453000000.00", "netIncomeApplicableToCommonShares": "1449000000.00", "preferredStockAndOtherAdjustments": null}, "2015-06-30": {"date": "2015-06-30", "filing_date": "2015-07-29", "currency_symbol": "USD", "researchDevelopment": "0.00", "effectOfAccountingCharges": "0.00", "incomeBeforeTax": "4361000000.00", "minorityInterest": "3000000.00", "netIncome": "3108000000.00", "sellingGeneralAdministrative": "57000000.00", "sellingAndMarketingExpenses": "2660000000.00", "grossProfit": "7408000000.00", "reconciledDepreciation": "488000000.00", "ebit": "4486000000.00", "ebitda": "4974000000.00", "depreciationAndAmortization": "488000000.00", "nonOperatingIncomeNetOther": "1954000000.00", "operatingIncome": "2535000000.00", "otherOperatingExpenses": "9621000000.00", "interestExpense": "128000000.00", "taxProvision": null, "interestIncome": null, "netInterestIncome": null, "extraordinaryItems": "0.00", "nonRecurring": "0.00", "otherItems": "0.00", "incomeTaxExpense": "1250000000.00", "totalRevenue": "12156000000.00", "totalOperatingExpenses": "4873000000.00", "costOfRevenue": "4748000000.00", "totalOtherIncomeExpenseNet": "1826000000.00", "discontinuedOperations": "0.00", "netIncomeFromContinuingOps": "3111000000.00", "netIncomeApplicableToCommonShares": "3108000000.00", "preferredStockAndOtherAdjustments": null}, "2015-03-31": {"date": "2015-03-31", "filing_date": "2015-04-30", "currency_symbol": "USD", "researchDevelopment": "0.00", "effectOfAccountingCharges": "0.00", "incomeBeforeTax": "1981000000.00", "minorityInterest": "9000000.00", "netIncome": "1557000000.00", "sellingGeneralAdministrative": "60000000.00", "sellingAndMarketingExpenses": "2431000000.00", "grossProfit": "6608000000.00", "reconciledDepreciation": "473000000.00", "ebit": "2419000000.00", "ebitda": "2892000000.00", "depreciationAndAmortization": "473000000.00", "nonOperatingIncomeNetOther": "132000000.00", "operatingIncome": "2296000000.00", "otherOperatingExpenses": "8415000000.00", "interestExpense": "447000000.00", "taxProvision": null, "interestIncome": null, "netInterestIncome": null, "extraordinaryItems": "0.00", "nonRecurring": "0.00", "otherItems": "0.00", "incomeTaxExpense": "415000000.00", "totalRevenue": "10711000000.00", "totalOperatingExpenses": "4169000000.00", "costOfRevenue": "4103000000.00", "totalOtherIncomeExpenseNet": "-315000000.00", "discontinuedOperations": "0.00", "netIncomeFromContinuingOps": "1566000000.00", "netIncomeApplicableToCommonShares": "1557000000.00", "preferredStockAndOtherAdjustments": null}, "2014-12-31": {"date": "2014-12-31", "filing_date": "2015-02-25", "currency_symbol": "USD", "researchDevelopment": "0.00", "effectOfAccountingCharges": "0.00", "incomeBeforeTax": "1076000000.00", "minorityInterest": "1000000.00", "netIncome": "770000000.00", "sellingGeneralAdministrative": "66000000.00", "sellingAndMarketingExpenses": "2913000000.00", "grossProfit": "6515000000.00", "reconciledDepreciation": "499000000.00", "ebit": "1214000000.00", "ebitda": "1713000000.00", "depreciationAndAmortization": "499000000.00", "nonOperatingIncomeNetOther": "-236000000.00", "operatingIncome": "1451000000.00", "otherOperatingExpenses": "8695000000.00", "interestExpense": "139000000.00", "taxProvision": null, "interestIncome": null, "netInterestIncome": null, "extraordinaryItems": "0.00", "nonRecurring": "0.00", "otherItems": "0.00", "incomeTaxExpense": "305000000.00", "totalRevenue": "10872000000.00", "totalOperatingExpenses": "4505000000.00", "costOfRevenue": "4357000000.00", "totalOtherIncomeExpenseNet": "-375000000.00", "discontinuedOperations": "101000000.00", "netIncomeFromContinuingOps": "771000000.00", "netIncomeApplicableToCommonShares": "770000000.00", "preferredStockAndOtherAdjustments": null}, "2014-09-30": {"date": "2014-09-30", "filing_date": "2014-10-29", "currency_symbol": "USD", "researchDevelopment": "0.00", "effectOfAccountingCharges": "0.00", "incomeBeforeTax": "2660000000.00", "minorityInterest": "8000000.00", "netIncome": "2114000000.00", "sellingGeneralAdministrative": "31000000.00", "sellingAndMarketingExpenses": "3137000000.00", "grossProfit": "7346000000.00", "reconciledDepreciation": "510000000.00", "ebit": "2765000000.00", "ebitda": "3275000000.00", "depreciationAndAmortization": "510000000.00", "nonOperatingIncomeNetOther": "62000000.00", "operatingIncome": "2711000000.00", "otherOperatingExpenses": "9265000000.00", "interestExpense": "113000000.00", "taxProvision": null, "interestIncome": null, "netInterestIncome": null, "extraordinaryItems": "0.00", "nonRecurring": "0.00", "otherItems": "0.00", "incomeTaxExpense": "538000000.00", "totalRevenue": "11976000000.00", "totalOperatingExpenses": "4635000000.00", "costOfRevenue": "4630000000.00", "totalOtherIncomeExpenseNet": "-51000000.00", "discontinuedOperations": "0.00", "netIncomeFromContinuingOps": "2122000000.00", "netIncomeApplicableToCommonShares": "2114000000.00", "preferredStockAndOtherAdjustments": null}, "2014-06-30": {"date": "2014-06-30", "filing_date": "2014-07-30", "currency_symbol": "USD", "researchDevelopment": "0.00", "effectOfAccountingCharges": "0.00", "incomeBeforeTax": "3384000000.00", "minorityInterest": "10000000.00", "netIncome": "2595000000.00", "sellingGeneralAdministrative": "73000000.00", "sellingAndMarketingExpenses": "3050000000.00", "grossProfit": "7755000000.00", "reconciledDepreciation": "494000000.00", "ebit": "3481000000.00", "ebitda": "3975000000.00", "depreciationAndAmortization": "494000000.00", "nonOperatingIncomeNetOther": "321000000.00", "operatingIncome": "3170000000.00", "otherOperatingExpenses": "9404000000.00", "interestExpense": "107000000.00", "taxProvision": null, "interestIncome": null, "netInterestIncome": null, "extraordinaryItems": "0.00", "nonRecurring": "0.00", "otherItems": "0.00", "incomeTaxExpense": "779000000.00", "totalRevenue": "12574000000.00", "totalOperatingExpenses": "4585000000.00", "costOfRevenue": "4819000000.00", "totalOtherIncomeExpenseNet": "214000000.00", "discontinuedOperations": "0.00", "netIncomeFromContinuingOps": "2605000000.00", "netIncomeApplicableToCommonShares": "2595000000.00", "preferredStockAndOtherAdjustments": null}, "2014-03-31": {"date": "2014-03-31", "filing_date": "2014-04-24", "currency_symbol": "USD", "researchDevelopment": "0.00", "effectOfAccountingCharges": "0.00", "incomeBeforeTax": "2205000000.00", "minorityInterest": "7000000.00", "netIncome": "1619000000.00", "sellingGeneralAdministrative": "39000000.00", "sellingAndMarketingExpenses": "2780000000.00", "grossProfit": "6493000000.00", "reconciledDepreciation": "473000000.00", "ebit": "2322000000.00", "ebitda": "2795000000.00", "depreciationAndAmortization": "473000000.00", "nonOperatingIncomeNetOther": "-47000000.00", "operatingIncome": "2376000000.00", "otherOperatingExpenses": "8200000000.00", "interestExpense": "124000000.00", "taxProvision": null, "interestIncome": null, "netInterestIncome": null, "extraordinaryItems": "0.00", "nonRecurring": "0.00", "otherItems": "0.00", "incomeTaxExpense": "579000000.00", "totalRevenue": "10576000000.00", "totalOperatingExpenses": "4117000000.00", "costOfRevenue": "4083000000.00", "totalOtherIncomeExpenseNet": "-171000000.00", "discontinuedOperations": "0.00", "netIncomeFromContinuingOps": "1626000000.00", "netIncomeApplicableToCommonShares": "1619000000.00", "preferredStockAndOtherAdjustments": null}, "2013-12-31": {"date": "2013-12-31", "filing_date": "2014-02-27", "currency_symbol": "USD", "researchDevelopment": "0.00", "effectOfAccountingCharges": "0.00", "incomeBeforeTax": "2228000000.00", "minorityInterest": "-2000000.00", "netIncome": "1710000000.00", "sellingGeneralAdministrative": "72000000.00", "sellingAndMarketingExpenses": "2721000000.00", "grossProfit": "6725000000.00", "reconciledDepreciation": "533000000.00", "ebit": "2379000000.00", "ebitda": "2912000000.00", "depreciationAndAmortization": "533000000.00", "nonOperatingIncomeNetOther": "272000000.00", "operatingIncome": "2105000000.00", "otherOperatingExpenses": "8634000000.00", "interestExpense": "149000000.00", "taxProvision": null, "interestIncome": null, "netInterestIncome": null, "extraordinaryItems": "0.00", "nonRecurring": "0.00", "otherItems": "0.00", "incomeTaxExpense": "520000000.00", "totalRevenue": "11040000000.00", "totalOperatingExpenses": "4237000000.00", "costOfRevenue": "4315000000.00", "totalOtherIncomeExpenseNet": "123000000.00", "discontinuedOperations": "0.00", "netIncomeFromContinuingOps": "1708000000.00", "netIncomeApplicableToCommonShares": "1710000000.00", "preferredStockAndOtherAdjustments": null}, "2013-09-30": {"date": "2013-09-30", "filing_date": "2013-10-24", "currency_symbol": "USD", "researchDevelopment": "0.00", "effectOfAccountingCharges": "0.00", "incomeBeforeTax": "3380000000.00", "minorityInterest": "8000000.00", "netIncome": "2447000000.00", "sellingGeneralAdministrative": "63000000.00", "sellingAndMarketingExpenses": "3069000000.00", "grossProfit": "7237000000.00", "reconciledDepreciation": "497000000.00", "ebit": "3462000000.00", "ebitda": "3959000000.00", "depreciationAndAmortization": "497000000.00", "nonOperatingIncomeNetOther": "998000000.00", "operatingIncome": "2472000000.00", "otherOperatingExpenses": "8913000000.00", "interestExpense": "90000000.00", "taxProvision": null, "interestIncome": null, "netInterestIncome": null, "extraordinaryItems": "0.00", "nonRecurring": "0.00", "otherItems": "0.00", "incomeTaxExpense": "925000000.00", "totalRevenue": "12030000000.00", "totalOperatingExpenses": "4765000000.00", "costOfRevenue": "4793000000.00", "totalOtherIncomeExpenseNet": "908000000.00", "discontinuedOperations": "0.00", "netIncomeFromContinuingOps": "2455000000.00", "netIncomeApplicableToCommonShares": "2447000000.00", "preferredStockAndOtherAdjustments": null}, "2013-06-30": {"date": "2013-06-30", "filing_date": "2013-07-25", "currency_symbol": "USD", "researchDevelopment": "0.00", "effectOfAccountingCharges": "0.00", "incomeBeforeTax": "3525000000.00", "minorityInterest": "18000000.00", "netIncome": "2676000000.00", "sellingGeneralAdministrative": "45000000.00", "sellingAndMarketingExpenses": "3044000000.00", "grossProfit": "7760000000.00", "reconciledDepreciation": "474000000.00", "ebit": "3629000000.00", "ebitda": "4103000000.00", "depreciationAndAmortization": "474000000.00", "nonOperatingIncomeNetOther": "404000000.00", "operatingIncome": "3243000000.00", "otherOperatingExpenses": "9651000000.00", "interestExpense": "122000000.00", "taxProvision": null, "interestIncome": null, "netInterestIncome": null, "extraordinaryItems": "0.00", "nonRecurring": "0.00", "otherItems": "0.00", "incomeTaxExpense": "831000000.00", "totalRevenue": "12749000000.00", "totalOperatingExpenses": "4517000000.00", "costOfRevenue": "4989000000.00", "totalOtherIncomeExpenseNet": "282000000.00", "discontinuedOperations": "0.00", "netIncomeFromContinuingOps": "2694000000.00", "netIncomeApplicableToCommonShares": "2676000000.00", "preferredStockAndOtherAdjustments": null}, "2013-03-31": {"date": "2013-03-31", "filing_date": "2013-04-25", "currency_symbol": "USD", "researchDevelopment": "0.00", "effectOfAccountingCharges": "0.00", "incomeBeforeTax": "2344000000.00", "minorityInterest": "18000000.00", "netIncome": "1751000000.00", "sellingGeneralAdministrative": "47000000.00", "sellingAndMarketingExpenses": "2942000000.00", "grossProfit": "6711000000.00", "reconciledDepreciation": "473000000.00", "ebit": "2428000000.00", "ebitda": "2901000000.00", "depreciationAndAmortization": "473000000.00", "nonOperatingIncomeNetOther": "38000000.00", "operatingIncome": "2408000000.00", "otherOperatingExpenses": "8627000000.00", "interestExpense": "102000000.00", "taxProvision": null, "interestIncome": null, "netInterestIncome": null, "extraordinaryItems": "0.00", "nonRecurring": "0.00", "otherItems": "0.00", "incomeTaxExpense": "575000000.00", "totalRevenue": "11035000000.00", "totalOperatingExpenses": "4303000000.00", "costOfRevenue": "4324000000.00", "totalOtherIncomeExpenseNet": "-64000000.00", "discontinuedOperations": "0.00", "netIncomeFromContinuingOps": "1769000000.00", "netIncomeApplicableToCommonShares": "1751000000.00", "preferredStockAndOtherAdjustments": null}, "2012-12-31": {"date": "2012-12-31", "filing_date": "2013-02-27", "currency_symbol": "USD", "researchDevelopment": "0.00", "effectOfAccountingCharges": "0.00", "incomeBeforeTax": "2377000000.00", "minorityInterest": "24000000.00", "netIncome": "1866000000.00", "sellingGeneralAdministrative": "4430000000.00", "sellingAndMarketingExpenses": null, "grossProfit": "6827000000.00", "reconciledDepreciation": "513000000.00", "ebit": "2448000000.00", "ebitda": "2961000000.00", "depreciationAndAmortization": "513000000.00", "nonOperatingIncomeNetOther": "289000000.00", "operatingIncome": "2183000000.00", "otherOperatingExpenses": "8825000000.00", "interestExpense": "95000000.00", "taxProvision": null, "interestIncome": null, "netInterestIncome": null, "extraordinaryItems": "0.00", "nonRecurring": "0.00", "otherItems": "0.00", "incomeTaxExpense": "487000000.00", "totalRevenue": "11455000000.00", "totalOperatingExpenses": "4644000000.00", "costOfRevenue": "4628000000.00", "totalOtherIncomeExpenseNet": "194000000.00", "discontinuedOperations": "0.00", "netIncomeFromContinuingOps": "1890000000.00", "netIncomeApplicableToCommonShares": "1866000000.00", "preferredStockAndOtherAdjustments": null}, "2012-09-30": {"date": "2012-09-30", "filing_date": "2012-10-25", "currency_symbol": "USD", "researchDevelopment": "0.00", "effectOfAccountingCharges": "0.00", "incomeBeforeTax": "3084000000.00", "minorityInterest": "18000000.00", "netIncome": "2311000000.00", "sellingGeneralAdministrative": "4630000000.00", "sellingAndMarketingExpenses": null, "grossProfit": "7487000000.00", "reconciledDepreciation": "514000000.00", "ebit": "3168000000.00", "ebitda": "3682000000.00", "depreciationAndAmortization": "514000000.00", "nonOperatingIncomeNetOther": "393000000.00", "operatingIncome": "2793000000.00", "otherOperatingExpenses": "9547000000.00", "interestExpense": "102000000.00", "taxProvision": null, "interestIncome": null, "netInterestIncome": null, "extraordinaryItems": "0.00", "nonRecurring": "0.00", "otherItems": "0.00", "incomeTaxExpense": "755000000.00", "totalRevenue": "12340000000.00", "totalOperatingExpenses": "4694000000.00", "costOfRevenue": "4853000000.00", "totalOtherIncomeExpenseNet": "291000000.00", "discontinuedOperations": "0.00", "netIncomeFromContinuingOps": "2329000000.00", "netIncomeApplicableToCommonShares": "2311000000.00", "preferredStockAndOtherAdjustments": null}, "2012-06-30": {"date": "2012-06-30", "filing_date": "2012-07-26", "currency_symbol": "USD", "researchDevelopment": "0.00", "effectOfAccountingCharges": "0.00", "incomeBeforeTax": "3623000000.00", "minorityInterest": "12000000.00", "netIncome": "2788000000.00", "sellingGeneralAdministrative": "4497000000.00", "sellingAndMarketingExpenses": null, "grossProfit": "7861000000.00", "reconciledDepreciation": "508000000.00", "ebit": "3723000000.00", "ebitda": "4231000000.00", "depreciationAndAmortization": "508000000.00", "nonOperatingIncomeNetOther": "441000000.00", "operatingIncome": "3294000000.00", "otherOperatingExpenses": "9791000000.00", "interestExpense": "112000000.00", "taxProvision": null, "interestIncome": null, "netInterestIncome": null, "extraordinaryItems": "0.00", "nonRecurring": "0.00", "otherItems": "0.00", "incomeTaxExpense": "823000000.00", "totalRevenue": "13085000000.00", "totalOperatingExpenses": "4567000000.00", "costOfRevenue": "5224000000.00", "totalOtherIncomeExpenseNet": "329000000.00", "discontinuedOperations": "0.00", "netIncomeFromContinuingOps": "2800000000.00", "netIncomeApplicableToCommonShares": "2788000000.00", "preferredStockAndOtherAdjustments": null}, "2012-03-31": {"date": "2012-03-31", "filing_date": "2012-04-26", "currency_symbol": "USD", "researchDevelopment": "0.00", "effectOfAccountingCharges": "0.00", "incomeBeforeTax": "2725000000.00", "minorityInterest": "13000000.00", "netIncome": "2054000000.00", "sellingGeneralAdministrative": "1244000000.00", "sellingAndMarketingExpenses": "2937000000.00", "grossProfit": "6789000000.00", "reconciledDepreciation": "447000000.00", "ebit": "2800000000.00", "ebitda": "3247000000.00", "depreciationAndAmortization": "447000000.00", "nonOperatingIncomeNetOther": "304000000.00", "operatingIncome": "2509000000.00", "otherOperatingExpenses": "8628000000.00", "interestExpense": "88000000.00", "taxProvision": null, "interestIncome": null, "netInterestIncome": null, "extraordinaryItems": "0.00", "nonRecurring": "0.00", "otherItems": "0.00", "incomeTaxExpense": "658000000.00", "totalRevenue": "11137000000.00", "totalOperatingExpenses": "4280000000.00", "costOfRevenue": "4348000000.00", "totalOtherIncomeExpenseNet": "216000000.00", "discontinuedOperations": "0.00", "netIncomeFromContinuingOps": "2067000000.00", "netIncomeApplicableToCommonShares": "2054000000.00", "preferredStockAndOtherAdjustments": null}, "2011-12-31": {"date": "2011-12-31", "filing_date": "2012-02-23", "currency_symbol": "USD", "researchDevelopment": "0.00", "effectOfAccountingCharges": "0.00", "incomeBeforeTax": "2211000000.00", "minorityInterest": "20000000.00", "netIncome": "1654000000.00", "sellingGeneralAdministrative": "4411000000.00", "sellingAndMarketingExpenses": null, "grossProfit": "6637000000.00", "reconciledDepreciation": "531000000.00", "ebit": "2295000000.00", "ebitda": "2826000000.00", "depreciationAndAmortization": "531000000.00", "nonOperatingIncomeNetOther": "364000000.00", "operatingIncome": "1951000000.00", "otherOperatingExpenses": "9089000000.00", "interestExpense": "104000000.00", "taxProvision": null, "interestIncome": null, "netInterestIncome": null, "extraordinaryItems": "0.00", "nonRecurring": "0.00", "otherItems": "0.00", "incomeTaxExpense": "537000000.00", "totalRevenue": "11040000000.00", "totalOperatingExpenses": "4686000000.00", "costOfRevenue": "4403000000.00", "totalOtherIncomeExpenseNet": "260000000.00", "discontinuedOperations": "0.00", "netIncomeFromContinuingOps": "1674000000.00", "netIncomeApplicableToCommonShares": "1654000000.00", "preferredStockAndOtherAdjustments": null}, "2011-09-30": {"date": "2011-09-30", "filing_date": "2011-10-27", "currency_symbol": "USD", "researchDevelopment": "0.00", "effectOfAccountingCharges": "0.00", "incomeBeforeTax": "2923000000.00", "minorityInterest": "22000000.00", "netIncome": "2221000000.00", "sellingGeneralAdministrative": "4527000000.00", "sellingAndMarketingExpenses": null, "grossProfit": "7373000000.00", "reconciledDepreciation": "466000000.00", "ebit": "3017000000.00", "ebitda": "3483000000.00", "depreciationAndAmortization": "466000000.00", "nonOperatingIncomeNetOther": "289000000.00", "operatingIncome": "2750000000.00", "otherOperatingExpenses": "9498000000.00", "interestExpense": "116000000.00", "taxProvision": null, "interestIncome": null, "netInterestIncome": null, "extraordinaryItems": "0.00", "nonRecurring": "0.00", "otherItems": "0.00", "incomeTaxExpense": "680000000.00", "totalRevenue": "12248000000.00", "totalOperatingExpenses": "4623000000.00", "costOfRevenue": "4875000000.00", "totalOtherIncomeExpenseNet": "173000000.00", "discontinuedOperations": "0.00", "netIncomeFromContinuingOps": "2243000000.00", "netIncomeApplicableToCommonShares": "2221000000.00", "preferredStockAndOtherAdjustments": null}, "2011-06-30": {"date": "2011-06-30", "filing_date": "2011-08-01", "currency_symbol": "USD", "researchDevelopment": "0.00", "effectOfAccountingCharges": "0.00", "incomeBeforeTax": "3799000000.00", "minorityInterest": "7000000.00", "netIncome": "2800000000.00", "sellingGeneralAdministrative": "4417000000.00", "sellingAndMarketingExpenses": null, "grossProfit": "7748000000.00", "reconciledDepreciation": "471000000.00", "ebit": "3876000000.00", "ebitda": "4347000000.00", "depreciationAndAmortization": "471000000.00", "nonOperatingIncomeNetOther": "704000000.00", "operatingIncome": "3174000000.00", "otherOperatingExpenses": "9558000000.00", "interestExpense": "84000000.00", "taxProvision": null, "interestIncome": null, "netInterestIncome": null, "extraordinaryItems": "0.00", "nonRecurring": "0.00", "otherItems": "0.00", "incomeTaxExpense": "992000000.00", "totalRevenue": "12737000000.00", "totalOperatingExpenses": "4569000000.00", "costOfRevenue": "4989000000.00", "totalOtherIncomeExpenseNet": "625000000.00", "discontinuedOperations": "0.00", "netIncomeFromContinuingOps": "2804000000.00", "netIncomeApplicableToCommonShares": "2797000000.00", "preferredStockAndOtherAdjustments": null}, "2011-03-31": {"date": "2011-03-31", "filing_date": "2011-05-02", "currency_symbol": "USD", "researchDevelopment": "0.00", "effectOfAccountingCharges": "0.00", "incomeBeforeTax": "2516000000.00", "minorityInterest": "13000000.00", "netIncome": "1903000000.00", "sellingGeneralAdministrative": "4076000000.00", "sellingAndMarketingExpenses": null, "grossProfit": "6588000000.00", "reconciledDepreciation": "486000000.00", "ebit": "2616000000.00", "ebitda": "3102000000.00", "depreciationAndAmortization": "486000000.00", "nonOperatingIncomeNetOther": "345000000.00", "operatingIncome": "2279000000.00", "otherOperatingExpenses": "8233000000.00", "interestExpense": "113000000.00", "taxProvision": null, "interestIncome": null, "netInterestIncome": null, "extraordinaryItems": "0.00", "nonRecurring": "0.00", "otherItems": "0.00", "incomeTaxExpense": "600000000.00", "totalRevenue": "10517000000.00", "totalOperatingExpenses": "4304000000.00", "costOfRevenue": "3929000000.00", "totalOtherIncomeExpenseNet": "237000000.00", "discontinuedOperations": "0.00", "netIncomeFromContinuingOps": "1913000000.00", "netIncomeApplicableToCommonShares": "1900000000.00", "preferredStockAndOtherAdjustments": null}, "2010-12-31": {"date": "2010-12-31", "filing_date": "2011-02-28", "currency_symbol": "USD", "researchDevelopment": "0.00", "effectOfAccountingCharges": "0.00", "incomeBeforeTax": "6241000000.00", "minorityInterest": "13000000.00", "netIncome": "5771000000.00", "sellingGeneralAdministrative": "4511000000.00", "sellingAndMarketingExpenses": null, "grossProfit": "6215000000.00", "reconciledDepreciation": "509000000.00", "ebit": "6715000000.00", "ebitda": "7224000000.00", "depreciationAndAmortization": "509000000.00", "nonOperatingIncomeNetOther": "5569000000.00", "operatingIncome": "1159000000.00", "otherOperatingExpenses": "9335000000.00", "interestExpense": "487000000.00", "taxProvision": null, "interestIncome": null, "netInterestIncome": null, "extraordinaryItems": "0.00", "nonRecurring": "0.00", "otherItems": "0.00", "incomeTaxExpense": "457000000.00", "totalRevenue": "10494000000.00", "totalOperatingExpenses": "5056000000.00", "costOfRevenue": "4279000000.00", "totalOtherIncomeExpenseNet": "5082000000.00", "discontinuedOperations": "0.00", "netIncomeFromContinuingOps": "5784000000.00", "netIncomeApplicableToCommonShares": "5771000000.00", "preferredStockAndOtherAdjustments": null}, "2010-09-30": {"date": "2010-09-30", "filing_date": "2010-10-29", "currency_symbol": "USD", "researchDevelopment": "0.00", "effectOfAccountingCharges": "0.00", "incomeBeforeTax": "5618000000.00", "minorityInterest": "12000000.00", "netIncome": "4973000000.00", "sellingGeneralAdministrative": "3064000000.00", "sellingAndMarketingExpenses": null, "grossProfit": "5508000000.00", "reconciledDepreciation": "323000000.00", "ebit": "5686000000.00", "ebitda": "6009000000.00", "depreciationAndAmortization": "323000000.00", "nonOperatingIncomeNetOther": "436000000.00", "operatingIncome": "2344000000.00", "otherOperatingExpenses": "3164000000.00", "interestExpense": "80000000.00", "taxProvision": null, "interestIncome": null, "netInterestIncome": null, "extraordinaryItems": "0.00", "nonRecurring": "0.00", "otherItems": "0.00", "incomeTaxExpense": "633000000.00", "totalRevenue": "8426000000.00", "totalOperatingExpenses": "246000000.00", "costOfRevenue": "2918000000.00", "totalOtherIncomeExpenseNet": "3274000000.00", "discontinuedOperations": "0.00", "netIncomeFromContinuingOps": "2067000000.00", "netIncomeApplicableToCommonShares": "2055000000.00", "preferredStockAndOtherAdjustments": null}, "2010-06-30": {"date": "2010-06-30", "filing_date": "2010-08-02", "currency_symbol": "USD", "researchDevelopment": "0.00", "effectOfAccountingCharges": "0.00", "incomeBeforeTax": "6078000000.00", "minorityInterest": "13000000.00", "netIncome": "5324000000.00", "sellingGeneralAdministrative": "2878000000.00", "sellingAndMarketingExpenses": null, "grossProfit": "5719000000.00", "reconciledDepreciation": "316000000.00", "ebit": "6146000000.00", "ebitda": "6462000000.00", "depreciationAndAmortization": "316000000.00", "nonOperatingIncomeNetOther": "441000000.00", "operatingIncome": "2763000000.00", "otherOperatingExpenses": "2956000000.00", "interestExpense": "81000000.00", "taxProvision": null, "interestIncome": null, "netInterestIncome": null, "extraordinaryItems": "0.00", "nonRecurring": "0.00", "otherItems": "0.00", "incomeTaxExpense": "741000000.00", "totalRevenue": "8674000000.00", "totalOperatingExpenses": "1000000.00", "costOfRevenue": "2955000000.00", "totalOtherIncomeExpenseNet": "3315000000.00", "discontinuedOperations": "0.00", "netIncomeFromContinuingOps": "2382000000.00", "netIncomeApplicableToCommonShares": "2369000000.00", "preferredStockAndOtherAdjustments": null}, "2010-03-31": {"date": "2010-03-31", "filing_date": "2010-04-29", "currency_symbol": "USD", "researchDevelopment": "0.00", "effectOfAccountingCharges": "0.00", "incomeBeforeTax": "2179000000.00", "minorityInterest": "12000000.00", "netIncome": "1614000000.00", "sellingGeneralAdministrative": "2705000000.00", "sellingAndMarketingExpenses": null, "grossProfit": "4984000000.00", "reconciledDepreciation": "295000000.00", "ebit": "2252000000.00", "ebitda": "2547000000.00", "depreciationAndAmortization": "295000000.00", "nonOperatingIncomeNetOther": "81000000.00", "operatingIncome": "2183000000.00", "otherOperatingExpenses": "5368000000.00", "interestExpense": "85000000.00", "taxProvision": null, "interestIncome": null, "netInterestIncome": null, "extraordinaryItems": "0.00", "nonRecurring": "0.00", "otherItems": "0.00", "incomeTaxExpense": "553000000.00", "totalRevenue": "7525000000.00", "totalOperatingExpenses": "2827000000.00", "costOfRevenue": "2541000000.00", "totalOtherIncomeExpenseNet": "-4000000.00", "discontinuedOperations": "0.00", "netIncomeFromContinuingOps": "1626000000.00", "netIncomeApplicableToCommonShares": "1614000000.00", "preferredStockAndOtherAdjustments": null}, "2009-12-31": {"date": "2009-12-31", "filing_date": "2010-02-26", "currency_symbol": "USD", "researchDevelopment": "0.00", "effectOfAccountingCharges": "0.00", "incomeBeforeTax": "1960000000.00", "minorityInterest": "35000000.00", "netIncome": "1543000000.00", "sellingGeneralAdministrative": "2978000000.00", "sellingAndMarketingExpenses": null, "grossProfit": "4859000000.00", "reconciledDepreciation": "331000000.00", "ebit": "2009000000.00", "ebitda": "2340000000.00", "depreciationAndAmortization": "331000000.00", "nonOperatingIncomeNetOther": null, "operatingIncome": "1780000000.00", "otherOperatingExpenses": "5730000000.00", "interestExpense": "84000000.00", "taxProvision": null, "interestIncome": null, "netInterestIncome": null, "extraordinaryItems": "0.00", "nonRecurring": "0.00", "otherItems": "0.00", "incomeTaxExpense": "382000000.00", "totalRevenue": "7510000000.00", "totalOperatingExpenses": "3079000000.00", "costOfRevenue": "2651000000.00", "totalOtherIncomeExpenseNet": "180000000.00", "discontinuedOperations": "0.00", "netIncomeFromContinuingOps": "0.00", "netIncomeApplicableToCommonShares": "1543000000.00", "preferredStockAndOtherAdjustments": null}, "2009-09-30": {"date": "2009-09-30", "filing_date": "2009-10-29", "currency_symbol": "USD", "researchDevelopment": "0.00", "effectOfAccountingCharges": "0.00", "incomeBeforeTax": "2443000000.00", "minorityInterest": "24000000.00", "netIncome": "1896000000.00", "sellingGeneralAdministrative": "2912000000.00", "sellingAndMarketingExpenses": null, "grossProfit": "5110000000.00", "reconciledDepreciation": "320000000.00", "ebit": "2508000000.00", "ebitda": "2828000000.00", "depreciationAndAmortization": "320000000.00", "nonOperatingIncomeNetOther": "382000000.00", "operatingIncome": "2150000000.00", "otherOperatingExpenses": "5894000000.00", "interestExpense": "89000000.00", "taxProvision": null, "interestIncome": null, "netInterestIncome": null, "extraordinaryItems": "0.00", "nonRecurring": "0.00", "otherItems": "0.00", "incomeTaxExpense": "523000000.00", "totalRevenue": "8044000000.00", "totalOperatingExpenses": "2960000000.00", "costOfRevenue": "2934000000.00", "totalOtherIncomeExpenseNet": "293000000.00", "discontinuedOperations": "0.00", "netIncomeFromContinuingOps": "1920000000.00", "netIncomeApplicableToCommonShares": "1896000000.00", "preferredStockAndOtherAdjustments": null}, "2009-06-30": {"date": "2009-06-30", "filing_date": "2009-07-30", "currency_symbol": "USD", "researchDevelopment": "0.00", "effectOfAccountingCharges": "0.00", "incomeBeforeTax": "2728000000.00", "minorityInterest": "12000000.00", "netIncome": "2037000000.00", "sellingGeneralAdministrative": "2844000000.00", "sellingAndMarketingExpenses": null, "grossProfit": "5354000000.00", "reconciledDepreciation": "302000000.00", "ebit": "2813000000.00", "ebitda": "3115000000.00", "depreciationAndAmortization": "302000000.00", "nonOperatingIncomeNetOther": "387000000.00", "operatingIncome": "2438000000.00", "otherOperatingExpenses": "5829000000.00", "interestExpense": "97000000.00", "taxProvision": null, "interestIncome": null, "netInterestIncome": null, "extraordinaryItems": "0.00", "nonRecurring": "0.00", "otherItems": "0.00", "incomeTaxExpense": "679000000.00", "totalRevenue": "8267000000.00", "totalOperatingExpenses": "2916000000.00", "costOfRevenue": "2913000000.00", "totalOtherIncomeExpenseNet": "290000000.00", "discontinuedOperations": "0.00", "netIncomeFromContinuingOps": "2049000000.00", "netIncomeApplicableToCommonShares": "2037000000.00", "preferredStockAndOtherAdjustments": null}, "2009-03-31": {"date": "2009-03-31", "filing_date": "2009-04-30", "currency_symbol": "USD", "researchDevelopment": "0.00", "effectOfAccountingCharges": "0.00", "incomeBeforeTax": "1815000000.00", "minorityInterest": "11000000.00", "netIncome": "1348000000.00", "sellingGeneralAdministrative": "2624000000.00", "sellingAndMarketingExpenses": null, "grossProfit": "4579000000.00", "reconciledDepreciation": "283000000.00", "ebit": "1889000000.00", "ebitda": "2172000000.00", "depreciationAndAmortization": "283000000.00", "nonOperatingIncomeNetOther": null, "operatingIncome": "1863000000.00", "otherOperatingExpenses": "5306000000.00", "interestExpense": "85000000.00", "taxProvision": null, "interestIncome": null, "netInterestIncome": null, "extraordinaryItems": "0.00", "nonRecurring": "0.00", "otherItems": "0.00", "incomeTaxExpense": "456000000.00", "totalRevenue": "7169000000.00", "totalOperatingExpenses": "2716000000.00", "costOfRevenue": "2590000000.00", "totalOtherIncomeExpenseNet": "-48000000.00", "discontinuedOperations": "0.00", "netIncomeFromContinuingOps": "0.00", "netIncomeApplicableToCommonShares": "1348000000.00", "preferredStockAndOtherAdjustments": null}, "2008-12-31": {"date": "2008-12-31", "filing_date": "2009-02-26", "currency_symbol": "USD", "researchDevelopment": "0.00", "effectOfAccountingCharges": "0.00", "incomeBeforeTax": "1150000000.00", "minorityInterest": "10000000.00", "netIncome": "995000000.00", "sellingGeneralAdministrative": "2502000000.00", "sellingAndMarketingExpenses": null, "grossProfit": "4558000000.00", "reconciledDepreciation": "285000000.00", "ebit": "1150000000.00", "ebitda": "1435000000.00", "depreciationAndAmortization": "285000000.00", "nonOperatingIncomeNetOther": null, "operatingIncome": "1706000000.00", "otherOperatingExpenses": "5420000000.00", "interestExpense": "121000000.00", "taxProvision": null, "interestIncome": null, "netInterestIncome": null, "extraordinaryItems": "0.00", "nonRecurring": "0.00", "otherItems": "0.00", "incomeTaxExpense": "155000000.00", "totalRevenue": "7126000000.00", "totalOperatingExpenses": "2852000000.00", "costOfRevenue": "2568000000.00", "totalOtherIncomeExpenseNet": "-556000000.00", "discontinuedOperations": "0.00", "netIncomeFromContinuingOps": "0.00", "netIncomeApplicableToCommonShares": "995000000.00", "preferredStockAndOtherAdjustments": null}, "2008-09-30": {"date": "2008-09-30", "filing_date": "2008-10-23", "currency_symbol": "USD", "researchDevelopment": "0.00", "effectOfAccountingCharges": "0.00", "incomeBeforeTax": "2470000000.00", "minorityInterest": "25000000.00", "netIncome": "1890000000.00", "sellingGeneralAdministrative": "3139000000.00", "sellingAndMarketingExpenses": null, "grossProfit": "5373000000.00", "reconciledDepreciation": "306000000.00", "ebit": "2445000000.00", "ebitda": "2751000000.00", "depreciationAndAmortization": "306000000.00", "nonOperatingIncomeNetOther": null, "operatingIncome": "2187000000.00", "otherOperatingExpenses": "6206000000.00", "interestExpense": "111000000.00", "taxProvision": null, "interestIncome": null, "netInterestIncome": null, "extraordinaryItems": "0.00", "nonRecurring": "0.00", "otherItems": "0.00", "incomeTaxExpense": "555000000.00", "totalRevenue": "8393000000.00", "totalOperatingExpenses": "3186000000.00", "costOfRevenue": "3020000000.00", "totalOtherIncomeExpenseNet": "283000000.00", "discontinuedOperations": "0.00", "netIncomeFromContinuingOps": "0.00", "netIncomeApplicableToCommonShares": "1890000000.00", "preferredStockAndOtherAdjustments": null}, "2008-06-30": {"date": "2008-06-30", "filing_date": "2008-07-24", "currency_symbol": "USD", "researchDevelopment": "0.00", "effectOfAccountingCharges": "0.00", "incomeBeforeTax": "1917000000.00", "minorityInterest": "21000000.00", "netIncome": "1422000000.00", "sellingGeneralAdministrative": "3095000000.00", "sellingAndMarketingExpenses": null, "grossProfit": "5884000000.00", "reconciledDepreciation": "330000000.00", "ebit": "1896000000.00", "ebitda": "2226000000.00", "depreciationAndAmortization": "330000000.00", "nonOperatingIncomeNetOther": null, "operatingIncome": "2679000000.00", "otherOperatingExpenses": "6367000000.00", "interestExpense": "89000000.00", "taxProvision": null, "interestIncome": null, "netInterestIncome": null, "extraordinaryItems": "0.00", "nonRecurring": "0.00", "otherItems": "0.00", "incomeTaxExpense": "474000000.00", "totalRevenue": "9046000000.00", "totalOperatingExpenses": "3205000000.00", "costOfRevenue": "3162000000.00", "totalOtherIncomeExpenseNet": "-762000000.00", "discontinuedOperations": "0.00", "netIncomeFromContinuingOps": "0.00", "netIncomeApplicableToCommonShares": "1422000000.00", "preferredStockAndOtherAdjustments": null}, "2008-03-31": {"date": "2008-03-31", "filing_date": "2008-04-25", "currency_symbol": "USD", "researchDevelopment": "0.00", "effectOfAccountingCharges": "0.00", "incomeBeforeTax": "1959000000.00", "minorityInterest": "11000000.00", "netIncome": "1500000000.00", "sellingGeneralAdministrative": "2796000000.00", "sellingAndMarketingExpenses": null, "grossProfit": "4755000000.00", "reconciledDepreciation": "307000000.00", "ebit": "1948000000.00", "ebitda": "2255000000.00", "depreciationAndAmortization": "307000000.00", "nonOperatingIncomeNetOther": null, "operatingIncome": "1874000000.00", "otherOperatingExpenses": "5505000000.00", "interestExpense": "117000000.00", "taxProvision": null, "interestIncome": null, "netInterestIncome": null, "extraordinaryItems": "0.00", "nonRecurring": "0.00", "otherItems": "0.00", "incomeTaxExpense": "448000000.00", "totalRevenue": "7379000000.00", "totalOperatingExpenses": "2881000000.00", "costOfRevenue": "2624000000.00", "totalOtherIncomeExpenseNet": "85000000.00", "discontinuedOperations": "0.00", "netIncomeFromContinuingOps": "0.00", "netIncomeApplicableToCommonShares": "1500000000.00", "preferredStockAndOtherAdjustments": null}, "2007-12-31": {"date": "2007-12-31", "filing_date": "2008-02-28", "currency_symbol": "USD", "researchDevelopment": "0.00", "effectOfAccountingCharges": "0.00", "incomeBeforeTax": "1623000000.00", "minorityInterest": "0.00", "netIncome": "1214000000.00", "sellingGeneralAdministrative": "3293000000.00", "sellingAndMarketingExpenses": null, "grossProfit": "4690000000.00", "reconciledDepreciation": "369000000.00", "ebit": "1623000000.00", "ebitda": "1992000000.00", "depreciationAndAmortization": "369000000.00", "nonOperatingIncomeNetOther": null, "operatingIncome": "1526000000.00", "otherOperatingExpenses": "5805000000.00", "interestExpense": "156000000.00", "taxProvision": null, "interestIncome": null, "netInterestIncome": null, "extraordinaryItems": "0.00", "nonRecurring": "0.00", "otherItems": "0.00", "incomeTaxExpense": "409000000.00", "totalRevenue": "7331000000.00", "totalOperatingExpenses": "3164000000.00", "costOfRevenue": "2641000000.00", "totalOtherIncomeExpenseNet": "97000000.00", "discontinuedOperations": "0.00", "netIncomeFromContinuingOps": "0.00", "netIncomeApplicableToCommonShares": "1214000000.00", "preferredStockAndOtherAdjustments": null}, "2007-09-30": {"date": "2007-09-30", "filing_date": "2007-10-24", "currency_symbol": "USD", "researchDevelopment": "0.00", "effectOfAccountingCharges": "0.00", "incomeBeforeTax": "2113000000.00", "minorityInterest": "0.00", "netIncome": "1654000000.00", "sellingGeneralAdministrative": "2896000000.00", "sellingAndMarketingExpenses": null, "grossProfit": "4806000000.00", "reconciledDepreciation": "279000000.00", "ebit": "2113000000.00", "ebitda": "2392000000.00", "depreciationAndAmortization": "279000000.00", "nonOperatingIncomeNetOther": null, "operatingIncome": "1829000000.00", "otherOperatingExpenses": "5861000000.00", "interestExpense": "127000000.00", "taxProvision": null, "interestIncome": null, "netInterestIncome": null, "extraordinaryItems": "0.00", "nonRecurring": "0.00", "otherItems": "0.00", "incomeTaxExpense": "459000000.00", "totalRevenue": "7690000000.00", "totalOperatingExpenses": "2977000000.00", "costOfRevenue": "2884000000.00", "totalOtherIncomeExpenseNet": "284000000.00", "discontinuedOperations": "0.00", "netIncomeFromContinuingOps": "0.00", "netIncomeApplicableToCommonShares": "1654000000.00", "preferredStockAndOtherAdjustments": null}, "2007-06-30": {"date": "2007-06-30", "filing_date": "2007-07-26", "currency_symbol": "USD", "researchDevelopment": "0.00", "effectOfAccountingCharges": "0.00", "incomeBeforeTax": "2408000000.00", "minorityInterest": "0.00", "netIncome": "1851000000.00", "sellingGeneralAdministrative": "2685000000.00", "sellingAndMarketingExpenses": null, "grossProfit": "4997000000.00", "reconciledDepreciation": "274000000.00", "ebit": "2408000000.00", "ebitda": "2682000000.00", "depreciationAndAmortization": "274000000.00", "nonOperatingIncomeNetOther": null, "operatingIncome": "2270000000.00", "otherOperatingExpenses": "5463000000.00", "interestExpense": "102000000.00", "taxProvision": null, "interestIncome": null, "netInterestIncome": null, "extraordinaryItems": "0.00", "nonRecurring": "0.00", "otherItems": "0.00", "incomeTaxExpense": "557000000.00", "totalRevenue": "7733000000.00", "totalOperatingExpenses": "2727000000.00", "costOfRevenue": "2736000000.00", "totalOtherIncomeExpenseNet": "138000000.00", "discontinuedOperations": "0.00", "netIncomeFromContinuingOps": "0.00", "netIncomeApplicableToCommonShares": "1851000000.00", "preferredStockAndOtherAdjustments": null}, "2007-03-31": {"date": "2007-03-31", "filing_date": "2007-04-26", "currency_symbol": "USD", "researchDevelopment": "0.00", "effectOfAccountingCharges": "0.00", "incomeBeforeTax": "1729000000.00", "minorityInterest": "0.00", "netIncome": "1262000000.00", "sellingGeneralAdministrative": "2325000000.00", "sellingAndMarketingExpenses": null, "grossProfit": "3958000000.00", "reconciledDepreciation": "241000000.00", "ebit": "1729000000.00", "ebitda": "1970000000.00", "depreciationAndAmortization": "241000000.00", "nonOperatingIncomeNetOther": null, "operatingIncome": "1627000000.00", "otherOperatingExpenses": "4476000000.00", "interestExpense": "71000000.00", "taxProvision": null, "interestIncome": null, "netInterestIncome": null, "extraordinaryItems": "0.00", "nonRecurring": "0.00", "otherItems": "0.00", "incomeTaxExpense": "467000000.00", "totalRevenue": "6103000000.00", "totalOperatingExpenses": "2331000000.00", "costOfRevenue": "2145000000.00", "totalOtherIncomeExpenseNet": "102000000.00", "discontinuedOperations": "0.00", "netIncomeFromContinuingOps": "0.00", "netIncomeApplicableToCommonShares": "1262000000.00", "preferredStockAndOtherAdjustments": null}, "2006-12-31": {"date": "2006-12-31", "filing_date": "2007-02-21", "currency_symbol": "USD", "researchDevelopment": "0.00", "effectOfAccountingCharges": "0.00", "incomeBeforeTax": "886000000.00", "minorityInterest": "0.00", "netIncome": "678000000.00", "sellingGeneralAdministrative": "2657000000.00", "sellingAndMarketingExpenses": null, "grossProfit": "3869000000.00", "reconciledDepreciation": "272000000.00", "ebit": "886000000.00", "ebitda": "1158000000.00", "depreciationAndAmortization": "272000000.00", "nonOperatingIncomeNetOther": null, "operatingIncome": "1212000000.00", "otherOperatingExpenses": "4720000000.00", "interestExpense": "47000000.00", "taxProvision": null, "interestIncome": null, "netInterestIncome": null, "extraordinaryItems": "0.00", "nonRecurring": "0.00", "otherItems": "0.00", "incomeTaxExpense": "208000000.00", "totalRevenue": "5932000000.00", "totalOperatingExpenses": "2657000000.00", "costOfRevenue": "2063000000.00", "totalOtherIncomeExpenseNet": "-326000000.00", "discontinuedOperations": "0.00", "netIncomeFromContinuingOps": "0.00", "netIncomeApplicableToCommonShares": "678000000.00", "preferredStockAndOtherAdjustments": null}, "2006-09-30": {"date": "2006-09-30", "filing_date": "2006-10-26", "currency_symbol": "USD", "researchDevelopment": "0.00", "effectOfAccountingCharges": "0.00", "incomeBeforeTax": "1826000000.00", "minorityInterest": "0.00", "netIncome": "1460000000.00", "sellingGeneralAdministrative": "2488000000.00", "sellingAndMarketingExpenses": null, "grossProfit": "4189000000.00", "reconciledDepreciation": "233000000.00", "ebit": "1826000000.00", "ebitda": "2059000000.00", "depreciationAndAmortization": "233000000.00", "nonOperatingIncomeNetOther": null, "operatingIncome": "1662000000.00", "otherOperatingExpenses": "4792000000.00", "interestExpense": "47000000.00", "taxProvision": null, "interestIncome": null, "netInterestIncome": null, "extraordinaryItems": "0.00", "nonRecurring": "0.00", "otherItems": "0.00", "incomeTaxExpense": "366000000.00", "totalRevenue": "6454000000.00", "totalOperatingExpenses": "2527000000.00", "costOfRevenue": "2265000000.00", "totalOtherIncomeExpenseNet": "164000000.00", "discontinuedOperations": "0.00", "netIncomeFromContinuingOps": "0.00", "netIncomeApplicableToCommonShares": "1460000000.00", "preferredStockAndOtherAdjustments": null}, "2006-06-30": {"date": "2006-06-30", "filing_date": "2006-07-27", "currency_symbol": "USD", "researchDevelopment": "0.00", "effectOfAccountingCharges": "0.00", "incomeBeforeTax": "2391000000.00", "minorityInterest": "0.00", "netIncome": "1836000000.00", "sellingGeneralAdministrative": "2327000000.00", "sellingAndMarketingExpenses": null, "grossProfit": "4366000000.00", "reconciledDepreciation": "224000000.00", "ebit": "2391000000.00", "ebitda": "2615000000.00", "depreciationAndAmortization": "224000000.00", "nonOperatingIncomeNetOther": null, "operatingIncome": "2039000000.00", "otherOperatingExpenses": "4437000000.00", "interestExpense": "63000000.00", "taxProvision": null, "interestIncome": null, "netInterestIncome": null, "extraordinaryItems": "0.00", "nonRecurring": "0.00", "otherItems": "0.00", "incomeTaxExpense": "555000000.00", "totalRevenue": "6476000000.00", "totalOperatingExpenses": "2327000000.00", "costOfRevenue": "2110000000.00", "totalOtherIncomeExpenseNet": "352000000.00", "discontinuedOperations": "0.00", "netIncomeFromContinuingOps": "0.00", "netIncomeApplicableToCommonShares": "1836000000.00", "preferredStockAndOtherAdjustments": null}, "2006-03-31": {"date": "2006-03-31", "filing_date": "2006-04-27", "currency_symbol": "USD", "researchDevelopment": "0.00", "effectOfAccountingCharges": "0.00", "incomeBeforeTax": "1475000000.00", "minorityInterest": "0.00", "netIncome": "1106000000.00", "sellingGeneralAdministrative": "2060000000.00", "sellingAndMarketingExpenses": null, "grossProfit": "3455000000.00", "reconciledDepreciation": "209000000.00", "ebit": "1475000000.00", "ebitda": "1684000000.00", "depreciationAndAmortization": "209000000.00", "nonOperatingIncomeNetOther": null, "operatingIncome": "1395000000.00", "otherOperatingExpenses": "3876000000.00", "interestExpense": "63000000.00", "taxProvision": null, "interestIncome": null, "netInterestIncome": null, "extraordinaryItems": "0.00", "nonRecurring": "0.00", "otherItems": "0.00", "incomeTaxExpense": "369000000.00", "totalRevenue": "5226000000.00", "totalOperatingExpenses": "2105000000.00", "costOfRevenue": "1771000000.00", "totalOtherIncomeExpenseNet": "80000000.00", "discontinuedOperations": "0.00", "netIncomeFromContinuingOps": "0.00", "netIncomeApplicableToCommonShares": "1106000000.00", "preferredStockAndOtherAdjustments": null}, "2005-12-31": {"date": "2005-12-31", "filing_date": "2006-02-28", "currency_symbol": "USD", "researchDevelopment": "0.00", "effectOfAccountingCharges": "0.00", "incomeBeforeTax": "1373000000.00", "minorityInterest": "0.00", "netIncome": "864000000.00", "sellingGeneralAdministrative": "2293000000.00", "sellingAndMarketingExpenses": null, "grossProfit": "3555000000.00", "reconciledDepreciation": "256000000.00", "ebit": "1373000000.00", "ebitda": "1629000000.00", "depreciationAndAmortization": "256000000.00", "nonOperatingIncomeNetOther": null, "operatingIncome": "1262000000.00", "otherOperatingExpenses": "4289000000.00", "interestExpense": "61000000.00", "taxProvision": null, "interestIncome": null, "netInterestIncome": null, "extraordinaryItems": "0.00", "nonRecurring": "0.00", "otherItems": "0.00", "incomeTaxExpense": "509000000.00", "totalRevenue": "5551000000.00", "totalOperatingExpenses": "2293000000.00", "costOfRevenue": "1996000000.00", "totalOtherIncomeExpenseNet": "111000000.00", "discontinuedOperations": "0.00", "netIncomeFromContinuingOps": "0.00", "netIncomeApplicableToCommonShares": "864000000.00", "preferredStockAndOtherAdjustments": null}, "2005-09-30": {"date": "2005-09-30", "filing_date": "2005-10-27", "currency_symbol": "USD", "researchDevelopment": "0.00", "effectOfAccountingCharges": "0.00", "incomeBeforeTax": "1653000000.00", "minorityInterest": "0.00", "netIncome": "1283000000.00", "sellingGeneralAdministrative": "2310000000.00", "sellingAndMarketingExpenses": null, "grossProfit": "3802000000.00", "reconciledDepreciation": "227000000.00", "ebit": "1653000000.00", "ebitda": "1880000000.00", "depreciationAndAmortization": "227000000.00", "nonOperatingIncomeNetOther": null, "operatingIncome": "1492000000.00", "otherOperatingExpenses": "4545000000.00", "interestExpense": "49000000.00", "taxProvision": null, "interestIncome": null, "netInterestIncome": null, "extraordinaryItems": "0.00", "nonRecurring": "0.00", "otherItems": "0.00", "incomeTaxExpense": "370000000.00", "totalRevenue": "6037000000.00", "totalOperatingExpenses": "2310000000.00", "costOfRevenue": "2235000000.00", "totalOtherIncomeExpenseNet": "161000000.00", "discontinuedOperations": "0.00", "netIncomeFromContinuingOps": "0.00", "netIncomeApplicableToCommonShares": "1283000000.00", "preferredStockAndOtherAdjustments": null}, "2005-06-30": {"date": "2005-06-30", "filing_date": "2005-08-01", "currency_symbol": "USD", "researchDevelopment": "0.00", "effectOfAccountingCharges": "0.00", "incomeBeforeTax": "2216000000.00", "minorityInterest": "0.00", "netIncome": "1723000000.00", "sellingGeneralAdministrative": "2192000000.00", "sellingAndMarketingExpenses": null, "grossProfit": "4164000000.00", "reconciledDepreciation": "223000000.00", "ebit": "2216000000.00", "ebitda": "2439000000.00", "depreciationAndAmortization": "223000000.00", "nonOperatingIncomeNetOther": null, "operatingIncome": "1972000000.00", "otherOperatingExpenses": "4338000000.00", "interestExpense": "62000000.00", "taxProvision": null, "interestIncome": null, "netInterestIncome": null, "extraordinaryItems": "0.00", "nonRecurring": "0.00", "otherItems": "0.00", "incomeTaxExpense": "493000000.00", "totalRevenue": "6310000000.00", "totalOperatingExpenses": "2192000000.00", "costOfRevenue": "2146000000.00", "totalOtherIncomeExpenseNet": "244000000.00", "discontinuedOperations": "0.00", "netIncomeFromContinuingOps": "0.00", "netIncomeApplicableToCommonShares": "1723000000.00", "preferredStockAndOtherAdjustments": null}, "2005-03-31": {"date": "2005-03-31", "filing_date": "2005-04-28", "currency_symbol": "USD", "researchDevelopment": "0.00", "effectOfAccountingCharges": "0.00", "incomeBeforeTax": "1448000000.00", "minorityInterest": "0.00", "netIncome": "1002000000.00", "sellingGeneralAdministrative": "2098000000.00", "sellingAndMarketingExpenses": null, "grossProfit": "3457000000.00", "reconciledDepreciation": "226000000.00", "ebit": "1448000000.00", "ebitda": "1674000000.00", "depreciationAndAmortization": "226000000.00", "nonOperatingIncomeNetOther": null, "operatingIncome": "1359000000.00", "otherOperatingExpenses": "3907000000.00", "interestExpense": "68000000.00", "taxProvision": null, "interestIncome": null, "netInterestIncome": null, "extraordinaryItems": "0.00", "nonRecurring": "0.00", "otherItems": "0.00", "incomeTaxExpense": "446000000.00", "totalRevenue": "5266000000.00", "totalOperatingExpenses": "2098000000.00", "costOfRevenue": "1809000000.00", "totalOtherIncomeExpenseNet": "89000000.00", "discontinuedOperations": "0.00", "netIncomeFromContinuingOps": "0.00", "netIncomeApplicableToCommonShares": "1002000000.00", "preferredStockAndOtherAdjustments": null}, "2004-12-31": {"date": "2004-12-31", "filing_date": "2005-03-04", "currency_symbol": "USD", "researchDevelopment": "0.00", "effectOfAccountingCharges": "0.00", "incomeBeforeTax": "1422000000.00", "minorityInterest": "0.00", "netIncome": "1201000000.00", "sellingGeneralAdministrative": "2107000000.00", "sellingAndMarketingExpenses": null, "grossProfit": "3454000000.00", "reconciledDepreciation": "263000000.00", "ebit": "1422000000.00", "ebitda": "1685000000.00", "depreciationAndAmortization": "263000000.00", "nonOperatingIncomeNetOther": null, "operatingIncome": "1347000000.00", "otherOperatingExpenses": "3910000000.00", "interestExpense": "58000000.00", "taxProvision": null, "interestIncome": null, "netInterestIncome": null, "extraordinaryItems": "0.00", "nonRecurring": "0.00", "otherItems": "0.00", "incomeTaxExpense": "221000000.00", "totalRevenue": "5257000000.00", "totalOperatingExpenses": "2107000000.00", "costOfRevenue": "1803000000.00", "totalOtherIncomeExpenseNet": "75000000.00", "discontinuedOperations": "0.00", "netIncomeFromContinuingOps": "0.00", "netIncomeApplicableToCommonShares": "1201000000.00", "preferredStockAndOtherAdjustments": null}, "2004-09-30": {"date": "2004-09-30", "filing_date": "2004-10-28", "currency_symbol": "USD", "researchDevelopment": "0.00", "effectOfAccountingCharges": "0.00", "incomeBeforeTax": "1235000000.00", "minorityInterest": "0.00", "netIncome": "935000000.00", "sellingGeneralAdministrative": "2513000000.00", "sellingAndMarketingExpenses": null, "grossProfit": "3610000000.00", "reconciledDepreciation": "210000000.00", "ebit": "1235000000.00", "ebitda": "1445000000.00", "depreciationAndAmortization": "210000000.00", "nonOperatingIncomeNetOther": null, "operatingIncome": "1097000000.00", "otherOperatingExpenses": "4565000000.00", "interestExpense": "47000000.00", "taxProvision": null, "interestIncome": null, "netInterestIncome": null, "extraordinaryItems": "0.00", "nonRecurring": "0.00", "otherItems": "0.00", "incomeTaxExpense": "300000000.00", "totalRevenue": "5662000000.00", "totalOperatingExpenses": "2513000000.00", "costOfRevenue": "2052000000.00", "totalOtherIncomeExpenseNet": "138000000.00", "discontinuedOperations": "0.00", "netIncomeFromContinuingOps": "0.00", "netIncomeApplicableToCommonShares": "935000000.00", "preferredStockAndOtherAdjustments": null}, "2004-06-30": {"date": "2004-06-30", "filing_date": "2004-08-05", "currency_symbol": "USD", "researchDevelopment": "0.00", "effectOfAccountingCharges": "0.00", "incomeBeforeTax": "2053000000.00", "minorityInterest": "0.00", "netIncome": "1584000000.00", "sellingGeneralAdministrative": "2132000000.00", "sellingAndMarketingExpenses": null, "grossProfit": "3935000000.00", "reconciledDepreciation": "207000000.00", "ebit": "2053000000.00", "ebitda": "2260000000.00", "depreciationAndAmortization": "207000000.00", "nonOperatingIncomeNetOther": null, "operatingIncome": "1803000000.00", "otherOperatingExpenses": "4162000000.00", "interestExpense": "47000000.00", "taxProvision": null, "interestIncome": null, "netInterestIncome": null, "extraordinaryItems": "0.00", "nonRecurring": "0.00", "otherItems": "0.00", "incomeTaxExpense": "469000000.00", "totalRevenue": "5965000000.00", "totalOperatingExpenses": "2132000000.00", "costOfRevenue": "2030000000.00", "totalOtherIncomeExpenseNet": "250000000.00", "discontinuedOperations": "0.00", "netIncomeFromContinuingOps": "0.00", "netIncomeApplicableToCommonShares": "1584000000.00", "preferredStockAndOtherAdjustments": null}, "2004-03-31": {"date": "2004-03-31", "filing_date": "2004-04-29", "currency_symbol": "USD", "researchDevelopment": "0.00", "effectOfAccountingCharges": "0.00", "incomeBeforeTax": "1512000000.00", "minorityInterest": "0.00", "netIncome": "1127000000.00", "sellingGeneralAdministrative": "1874000000.00", "sellingAndMarketingExpenses": null, "grossProfit": "3325000000.00", "reconciledDepreciation": "213000000.00", "ebit": "1512000000.00", "ebitda": "1725000000.00", "depreciationAndAmortization": "213000000.00", "nonOperatingIncomeNetOther": null, "operatingIncome": "1451000000.00", "otherOperatingExpenses": "3627000000.00", "interestExpense": "44000000.00", "taxProvision": null, "interestIncome": null, "netInterestIncome": null, "extraordinaryItems": "0.00", "nonRecurring": "0.00", "otherItems": "0.00", "incomeTaxExpense": "385000000.00", "totalRevenue": "5078000000.00", "totalOperatingExpenses": "1874000000.00", "costOfRevenue": "1753000000.00", "totalOtherIncomeExpenseNet": "61000000.00", "discontinuedOperations": "0.00", "netIncomeFromContinuingOps": "0.00", "netIncomeApplicableToCommonShares": "1127000000.00", "preferredStockAndOtherAdjustments": null}, "2003-12-31": {"date": "2003-12-31", "filing_date": "2004-02-27", "currency_symbol": "USD", "researchDevelopment": "0.00", "effectOfAccountingCharges": "0.00", "incomeBeforeTax": "1124000000.00", "minorityInterest": "0.00", "netIncome": "927000000.00", "sellingGeneralAdministrative": "2204000000.00", "sellingAndMarketingExpenses": null, "grossProfit": "3296000000.00", "reconciledDepreciation": "228000000.00", "ebit": "1124000000.00", "ebitda": "1352000000.00", "depreciationAndAmortization": "228000000.00", "nonOperatingIncomeNetOther": null, "operatingIncome": "1092000000.00", "otherOperatingExpenses": "4101000000.00", "interestExpense": "48000000.00", "taxProvision": null, "interestIncome": null, "netInterestIncome": null, "extraordinaryItems": "0.00", "nonRecurring": "0.00", "otherItems": "0.00", "incomeTaxExpense": "197000000.00", "totalRevenue": "5193000000.00", "totalOperatingExpenses": "2204000000.00", "costOfRevenue": "1897000000.00", "totalOtherIncomeExpenseNet": "32000000.00", "discontinuedOperations": "0.00", "netIncomeFromContinuingOps": "0.00", "netIncomeApplicableToCommonShares": "927000000.00", "preferredStockAndOtherAdjustments": null}, "2003-09-30": {"date": "2003-09-30", "filing_date": "2003-10-27", "currency_symbol": "USD", "researchDevelopment": "0.00", "effectOfAccountingCharges": "0.00", "incomeBeforeTax": "1498000000.00", "minorityInterest": "0.00", "netIncome": "1223000000.00", "sellingGeneralAdministrative": "2061000000.00", "sellingAndMarketingExpenses": null, "grossProfit": "3512000000.00", "reconciledDepreciation": "211000000.00", "ebit": "1498000000.00", "ebitda": "1709000000.00", "depreciationAndAmortization": "211000000.00", "nonOperatingIncomeNetOther": null, "operatingIncome": "1451000000.00", "otherOperatingExpenses": "4211000000.00", "interestExpense": "42000000.00", "taxProvision": null, "interestIncome": null, "netInterestIncome": null, "extraordinaryItems": "0.00", "nonRecurring": "0.00", "otherItems": "0.00", "incomeTaxExpense": "275000000.00", "totalRevenue": "5662000000.00", "totalOperatingExpenses": "2061000000.00", "costOfRevenue": "2150000000.00", "totalOtherIncomeExpenseNet": "47000000.00", "discontinuedOperations": "0.00", "netIncomeFromContinuingOps": "0.00", "netIncomeApplicableToCommonShares": "1223000000.00", "preferredStockAndOtherAdjustments": null}, "2003-06-30": {"date": "2003-06-30", "filing_date": "2003-08-13", "currency_symbol": "USD", "researchDevelopment": "0.00", "effectOfAccountingCharges": "0.00", "incomeBeforeTax": "1750000000.00", "minorityInterest": "0.00", "netIncome": "1362000000.00", "sellingGeneralAdministrative": "1976000000.00", "sellingAndMarketingExpenses": null, "grossProfit": "3578000000.00", "reconciledDepreciation": "213000000.00", "ebit": "1750000000.00", "ebitda": "1963000000.00", "depreciationAndAmortization": "213000000.00", "nonOperatingIncomeNetOther": null, "operatingIncome": "1602000000.00", "otherOperatingExpenses": "4089000000.00", "interestExpense": "43000000.00", "taxProvision": null, "interestIncome": null, "netInterestIncome": null, "extraordinaryItems": "0.00", "nonRecurring": "0.00", "otherItems": "0.00", "incomeTaxExpense": "388000000.00", "totalRevenue": "5691000000.00", "totalOperatingExpenses": "1976000000.00", "costOfRevenue": "2113000000.00", "totalOtherIncomeExpenseNet": "148000000.00", "discontinuedOperations": "0.00", "netIncomeFromContinuingOps": "0.00", "netIncomeApplicableToCommonShares": "1362000000.00", "preferredStockAndOtherAdjustments": null}, "2003-03-31": {"date": "2003-03-31", "filing_date": "2003-04-25", "currency_symbol": "USD", "researchDevelopment": "0.00", "effectOfAccountingCharges": "0.00", "incomeBeforeTax": "1123000000.00", "minorityInterest": "0.00", "netIncome": "835000000.00", "sellingGeneralAdministrative": "1820000000.00", "sellingAndMarketingExpenses": null, "grossProfit": "2896000000.00", "reconciledDepreciation": "198000000.00", "ebit": "1123000000.00", "ebitda": "1321000000.00", "depreciationAndAmortization": "198000000.00", "nonOperatingIncomeNetOther": null, "operatingIncome": "1076000000.00", "otherOperatingExpenses": "3422000000.00", "interestExpense": "45000000.00", "taxProvision": null, "interestIncome": null, "netInterestIncome": null, "extraordinaryItems": "0.00", "nonRecurring": "0.00", "otherItems": "0.00", "incomeTaxExpense": "288000000.00", "totalRevenue": "4498000000.00", "totalOperatingExpenses": "1820000000.00", "costOfRevenue": "1602000000.00", "totalOtherIncomeExpenseNet": "47000000.00", "discontinuedOperations": "0.00", "netIncomeFromContinuingOps": "0.00", "netIncomeApplicableToCommonShares": "835000000.00", "preferredStockAndOtherAdjustments": null}, "2002-12-31": {"date": "2002-12-31", "filing_date": "2003-03-26", "currency_symbol": "USD", "researchDevelopment": "0.00", "effectOfAccountingCharges": "0.00", "incomeBeforeTax": "991000000.00", "minorityInterest": "0.00", "netIncome": "724000000.00", "sellingGeneralAdministrative": "2086000000.00", "sellingAndMarketingExpenses": null, "grossProfit": "3094000000.00", "reconciledDepreciation": "207000000.00", "ebit": "991000000.00", "ebitda": "1198000000.00", "depreciationAndAmortization": "207000000.00", "nonOperatingIncomeNetOther": null, "operatingIncome": "1008000000.00", "otherOperatingExpenses": "3787000000.00", "interestExpense": "43000000.00", "taxProvision": null, "interestIncome": null, "netInterestIncome": null, "extraordinaryItems": "0.00", "nonRecurring": "0.00", "otherItems": "0.00", "incomeTaxExpense": "267000000.00", "totalRevenue": "4795000000.00", "totalOperatingExpenses": "2086000000.00", "costOfRevenue": "1701000000.00", "totalOtherIncomeExpenseNet": "-17000000.00", "discontinuedOperations": "0.00", "netIncomeFromContinuingOps": "0.00", "netIncomeApplicableToCommonShares": "930000000.00", "preferredStockAndOtherAdjustments": null}, "2002-09-30": {"date": "2002-09-30", "filing_date": "2002-11-13", "currency_symbol": "USD", "researchDevelopment": "0.00", "effectOfAccountingCharges": "0.00", "incomeBeforeTax": "1590000000.00", "minorityInterest": "0.00", "netIncome": "1161000000.00", "sellingGeneralAdministrative": "1694000000.00", "sellingAndMarketingExpenses": null, "grossProfit": "3239000000.00", "reconciledDepreciation": "201000000.00", "ebit": "1590000000.00", "ebitda": "1791000000.00", "depreciationAndAmortization": "201000000.00", "nonOperatingIncomeNetOther": null, "operatingIncome": "1545000000.00", "otherOperatingExpenses": "3777000000.00", "interestExpense": "52000000.00", "taxProvision": null, "interestIncome": null, "netInterestIncome": null, "extraordinaryItems": "0.00", "nonRecurring": "0.00", "otherItems": "0.00", "incomeTaxExpense": "429000000.00", "totalRevenue": "5322000000.00", "totalOperatingExpenses": "1694000000.00", "costOfRevenue": "2083000000.00", "totalOtherIncomeExpenseNet": "45000000.00", "discontinuedOperations": "0.00", "netIncomeFromContinuingOps": "0.00", "netIncomeApplicableToCommonShares": "1091000000.00", "preferredStockAndOtherAdjustments": null}, "2002-06-30": {"date": "2002-06-30", "filing_date": "2002-08-13", "currency_symbol": "USD", "researchDevelopment": "0.00", "effectOfAccountingCharges": "0.00", "incomeBeforeTax": "1767000000.00", "minorityInterest": "0.00", "netIncome": "1290000000.00", "sellingGeneralAdministrative": "1789000000.00", "sellingAndMarketingExpenses": null, "grossProfit": "3441000000.00", "reconciledDepreciation": "203000000.00", "ebit": "1767000000.00", "ebitda": "1970000000.00", "depreciationAndAmortization": "203000000.00", "nonOperatingIncomeNetOther": null, "operatingIncome": "1652000000.00", "otherOperatingExpenses": "3716000000.00", "interestExpense": "58000000.00", "taxProvision": null, "interestIncome": null, "netInterestIncome": null, "extraordinaryItems": "0.00", "nonRecurring": "0.00", "otherItems": "0.00", "incomeTaxExpense": "477000000.00", "totalRevenue": "5368000000.00", "totalOperatingExpenses": "1789000000.00", "costOfRevenue": "1927000000.00", "totalOtherIncomeExpenseNet": "115000000.00", "discontinuedOperations": "0.00", "netIncomeFromContinuingOps": "0.00", "netIncomeApplicableToCommonShares": "1223000000.00", "preferredStockAndOtherAdjustments": null}, "2002-03-31": {"date": "2002-03-31", "filing_date": "2002-05-10", "currency_symbol": "USD", "researchDevelopment": "0.00", "effectOfAccountingCharges": "0.00", "incomeBeforeTax": "1151000000.00", "minorityInterest": "0.00", "netIncome": "-125000000.00", "sellingGeneralAdministrative": "1432000000.00", "sellingAndMarketingExpenses": null, "grossProfit": "2685000000.00", "reconciledDepreciation": "195000000.00", "ebit": "225000000.00", "ebitda": "420000000.00", "depreciationAndAmortization": "195000000.00", "nonOperatingIncomeNetOther": null, "operatingIncome": "1253000000.00", "otherOperatingExpenses": "2826000000.00", "interestExpense": "46000000.00", "taxProvision": null, "interestIncome": null, "netInterestIncome": null, "extraordinaryItems": "0.00", "nonRecurring": "0.00", "otherItems": "0.00", "incomeTaxExpense": "350000000.00", "totalRevenue": "4079000000.00", "totalOperatingExpenses": "1432000000.00", "costOfRevenue": "1394000000.00", "totalOtherIncomeExpenseNet": "-102000000.00", "discontinuedOperations": "0.00", "netIncomeFromContinuingOps": "0.00", "netIncomeApplicableToCommonShares": "732000000.00", "preferredStockAndOtherAdjustments": null}, "2001-12-31": {"date": "2001-12-31", "filing_date": "2002-03-11", "currency_symbol": "USD", "researchDevelopment": "0.00", "effectOfAccountingCharges": "0.00", "incomeBeforeTax": "1292000000.00", "minorityInterest": "0.00", "netIncome": "914000000.00", "sellingGeneralAdministrative": "2247000000.00", "sellingAndMarketingExpenses": null, "grossProfit": "3495000000.00", "reconciledDepreciation": "232000000.00", "ebit": "1292000000.00", "ebitda": "1524000000.00", "depreciationAndAmortization": "232000000.00", "nonOperatingIncomeNetOther": null, "operatingIncome": "1248000000.00", "otherOperatingExpenses": "3675000000.00", "interestExpense": "55000000.00", "taxProvision": null, "interestIncome": null, "netInterestIncome": null, "extraordinaryItems": "0.00", "nonRecurring": "0.00", "otherItems": "0.00", "incomeTaxExpense": "378000000.00", "totalRevenue": "4923000000.00", "totalOperatingExpenses": "2247000000.00", "costOfRevenue": "1428000000.00", "totalOtherIncomeExpenseNet": "44000000.00", "discontinuedOperations": "0.00", "netIncomeFromContinuingOps": "0.00", "netIncomeApplicableToCommonShares": "914000000.00", "preferredStockAndOtherAdjustments": null}, "2001-09-30": {"date": "2001-09-30", "filing_date": "2001-11-13", "currency_symbol": "USD", "researchDevelopment": "0.00", "effectOfAccountingCharges": "0.00", "incomeBeforeTax": "1534000000.00", "minorityInterest": "0.00", "netIncome": "1074000000.00", "sellingGeneralAdministrative": "2394000000.00", "sellingAndMarketingExpenses": null, "grossProfit": "3705000000.00", "reconciledDepreciation": "186000000.00", "ebit": "1534000000.00", "ebitda": "1720000000.00", "depreciationAndAmortization": "186000000.00", "nonOperatingIncomeNetOther": null, "operatingIncome": "1311000000.00", "otherOperatingExpenses": "4086000000.00", "interestExpense": "66000000.00", "taxProvision": null, "interestIncome": null, "netInterestIncome": null, "extraordinaryItems": "0.00", "nonRecurring": "0.00", "otherItems": "0.00", "incomeTaxExpense": "460000000.00", "totalRevenue": "5397000000.00", "totalOperatingExpenses": "2394000000.00", "costOfRevenue": "1692000000.00", "totalOtherIncomeExpenseNet": "223000000.00", "discontinuedOperations": "0.00", "netIncomeFromContinuingOps": "0.00", "netIncomeApplicableToCommonShares": "1074000000.00", "preferredStockAndOtherAdjustments": null}, "2001-06-30": {"date": "2001-06-30", "filing_date": "2001-08-14", "currency_symbol": "USD", "researchDevelopment": "0.00", "effectOfAccountingCharges": "0.00", "incomeBeforeTax": "1597000000.00", "minorityInterest": "0.00", "netIncome": "1118000000.00", "sellingGeneralAdministrative": "2201000000.00", "sellingAndMarketingExpenses": null, "grossProfit": "3714000000.00", "reconciledDepreciation": "199000000.00", "ebit": "1597000000.00", "ebitda": "1796000000.00", "depreciationAndAmortization": "199000000.00", "nonOperatingIncomeNetOther": null, "operatingIncome": "1513000000.00", "otherOperatingExpenses": "3780000000.00", "interestExpense": "77000000.00", "taxProvision": null, "interestIncome": null, "netInterestIncome": null, "extraordinaryItems": "0.00", "nonRecurring": "0.00", "otherItems": "0.00", "incomeTaxExpense": "479000000.00", "totalRevenue": "5293000000.00", "totalOperatingExpenses": "2201000000.00", "costOfRevenue": "1579000000.00", "totalOtherIncomeExpenseNet": "84000000.00", "discontinuedOperations": "0.00", "netIncomeFromContinuingOps": "0.00", "netIncomeApplicableToCommonShares": "1118000000.00", "preferredStockAndOtherAdjustments": null}, "2001-03-31": {"date": "2001-03-31", "filing_date": "2001-05-01", "currency_symbol": "USD", "researchDevelopment": "0.00", "effectOfAccountingCharges": "0.00", "incomeBeforeTax": "1247000000.00", "minorityInterest": "0.00", "netIncome": "863000000.00", "sellingGeneralAdministrative": "1854000000.00", "sellingAndMarketingExpenses": null, "grossProfit": "3134000000.00", "reconciledDepreciation": "186000000.00", "ebit": "1237000000.00", "ebitda": "1423000000.00", "depreciationAndAmortization": "186000000.00", "nonOperatingIncomeNetOther": null, "operatingIncome": "1280000000.00", "otherOperatingExpenses": "3199000000.00", "interestExpense": "91000000.00", "taxProvision": null, "interestIncome": null, "netInterestIncome": null, "extraordinaryItems": "0.00", "nonRecurring": "0.00", "otherItems": "0.00", "incomeTaxExpense": "374000000.00", "totalRevenue": "4479000000.00", "totalOperatingExpenses": "1854000000.00", "costOfRevenue": "1345000000.00", "totalOtherIncomeExpenseNet": "-33000000.00", "discontinuedOperations": "0.00", "netIncomeFromContinuingOps": "0.00", "netIncomeApplicableToCommonShares": "873000000.00", "preferredStockAndOtherAdjustments": null}, "2000-12-31": {"date": "2000-12-31", "filing_date": "2001-03-07", "currency_symbol": "USD", "researchDevelopment": "0.00", "effectOfAccountingCharges": "0.00", "incomeBeforeTax": "477000000.00", "minorityInterest": "0.00", "netIncome": "242000000.00", "sellingGeneralAdministrative": "2671000000.00", "sellingAndMarketingExpenses": null, "grossProfit": "2938000000.00", "reconciledDepreciation": "201000000.00", "ebit": "477000000.00", "ebitda": "678000000.00", "depreciationAndAmortization": "201000000.00", "nonOperatingIncomeNetOther": null, "operatingIncome": "839000000.00", "otherOperatingExpenses": "4064000000.00", "interestExpense": "109000000.00", "taxProvision": null, "interestIncome": null, "netInterestIncome": null, "extraordinaryItems": "0.00", "nonRecurring": "0.00", "otherItems": "0.00", "incomeTaxExpense": "235000000.00", "totalRevenue": "4903000000.00", "totalOperatingExpenses": "2099000000.00", "costOfRevenue": "1965000000.00", "totalOtherIncomeExpenseNet": "-362000000.00", "discontinuedOperations": "0.00", "netIncomeFromContinuingOps": "0.00", "netIncomeApplicableToCommonShares": "242000000.00", "preferredStockAndOtherAdjustments": null}, "2000-09-30": {"date": "2000-09-30", "filing_date": "2000-10-27", "currency_symbol": "USD", "researchDevelopment": "0.00", "effectOfAccountingCharges": "0.00", "incomeBeforeTax": "1483000000.00", "minorityInterest": "0.00", "netIncome": "1067000000.00", "sellingGeneralAdministrative": "2480000000.00", "sellingAndMarketingExpenses": null, "grossProfit": "3936000000.00", "reconciledDepreciation": "129000000.00", "ebit": "1483000000.00", "ebitda": "1612000000.00", "depreciationAndAmortization": "129000000.00", "nonOperatingIncomeNetOther": null, "operatingIncome": "1327000000.00", "otherOperatingExpenses": "4216000000.00", "interestExpense": "120000000.00", "taxProvision": null, "interestIncome": null, "netInterestIncome": null, "extraordinaryItems": "0.00", "nonRecurring": "0.00", "otherItems": "0.00", "incomeTaxExpense": "416000000.00", "totalRevenue": "5543000000.00", "totalOperatingExpenses": "2609000000.00", "costOfRevenue": "1607000000.00", "totalOtherIncomeExpenseNet": "156000000.00", "discontinuedOperations": "0.00", "netIncomeFromContinuingOps": "0.00", "netIncomeApplicableToCommonShares": "1067000000.00", "preferredStockAndOtherAdjustments": null}, "2000-06-30": {"date": "2000-06-30", "filing_date": "2000-07-27", "currency_symbol": "USD", "researchDevelopment": "0.00", "effectOfAccountingCharges": "0.00", "incomeBeforeTax": "1342000000.00", "minorityInterest": "0.00", "netIncome": "926000000.00", "sellingGeneralAdministrative": "2659000000.00", "sellingAndMarketingExpenses": null, "grossProfit": "4170000000.00", "reconciledDepreciation": "226000000.00", "ebit": "1342000000.00", "ebitda": "1568000000.00", "depreciationAndAmortization": "226000000.00", "nonOperatingIncomeNetOther": null, "operatingIncome": "1285000000.00", "otherOperatingExpenses": "4336000000.00", "interestExpense": "119000000.00", "taxProvision": null, "interestIncome": null, "netInterestIncome": null, "extraordinaryItems": "0.00", "nonRecurring": "0.00", "otherItems": "0.00", "incomeTaxExpense": "416000000.00", "totalRevenue": "5621000000.00", "totalOperatingExpenses": "2885000000.00", "costOfRevenue": "1451000000.00", "totalOtherIncomeExpenseNet": "57000000.00", "discontinuedOperations": "0.00", "netIncomeFromContinuingOps": "0.00", "netIncomeApplicableToCommonShares": "926000000.00", "preferredStockAndOtherAdjustments": null}, "2000-03-31": {"date": "2000-03-31", "filing_date": "2000-05-11", "currency_symbol": "USD", "researchDevelopment": "0.00", "effectOfAccountingCharges": "0.00", "incomeBeforeTax": "97000000.00", "minorityInterest": "0.00", "netIncome": "-58000000.00", "sellingGeneralAdministrative": "2753000000.00", "sellingAndMarketingExpenses": null, "grossProfit": "3210000000.00", "reconciledDepreciation": "217000000.00", "ebit": "97000000.00", "ebitda": "314000000.00", "depreciationAndAmortization": "217000000.00", "nonOperatingIncomeNetOther": null, "operatingIncome": "240000000.00", "otherOperatingExpenses": "4151000000.00", "interestExpense": "99000000.00", "taxProvision": null, "interestIncome": null, "netInterestIncome": null, "extraordinaryItems": "0.00", "nonRecurring": "0.00", "otherItems": "0.00", "incomeTaxExpense": "155000000.00", "totalRevenue": "4391000000.00", "totalOperatingExpenses": "2970000000.00", "costOfRevenue": "1181000000.00", "totalOtherIncomeExpenseNet": "-143000000.00", "discontinuedOperations": "0.00", "netIncomeFromContinuingOps": "0.00", "netIncomeApplicableToCommonShares": "0.00", "preferredStockAndOtherAdjustments": null}, "1999-12-31": {"date": "1999-12-31", "filing_date": "2000-03-09", "currency_symbol": "USD", "researchDevelopment": null, "effectOfAccountingCharges": null, "incomeBeforeTax": "230000000.00", "minorityInterest": null, "netIncome": "-45000000.00", "sellingGeneralAdministrative": "3118000000.00", "sellingAndMarketingExpenses": null, "grossProfit": "3650000000.00", "reconciledDepreciation": "183000000.00", "ebit": "230000000.00", "ebitda": "413000000.00", "depreciationAndAmortization": "183000000.00", "nonOperatingIncomeNetOther": null, "operatingIncome": "349000000.00", "otherOperatingExpenses": "4454000000.00", "interestExpense": null, "taxProvision": null, "interestIncome": null, "netInterestIncome": null, "extraordinaryItems": null, "nonRecurring": null, "otherItems": null, "incomeTaxExpense": "275000000.00", "totalRevenue": "4803000000.00", "totalOperatingExpenses": "3301000000.00", "costOfRevenue": "1153000000.00", "totalOtherIncomeExpenseNet": "-119000000.00", "discontinuedOperations": null, "netIncomeFromContinuingOps": null, "netIncomeApplicableToCommonShares": null, "preferredStockAndOtherAdjustments": null}, "1999-09-30": {"date": "1999-09-30", "filing_date": "1999-11-03", "currency_symbol": "USD", "researchDevelopment": null, "effectOfAccountingCharges": null, "incomeBeforeTax": "1141000000.00", "minorityInterest": null, "netIncome": "787000000.00", "sellingGeneralAdministrative": "2390000000.00", "sellingAndMarketingExpenses": null, "grossProfit": "3698000000.00", "reconciledDepreciation": "209000000.00", "ebit": "1141000000.00", "ebitda": "1350000000.00", "depreciationAndAmortization": "209000000.00", "nonOperatingIncomeNetOther": null, "operatingIncome": "1099000000.00", "otherOperatingExpenses": "4096000000.00", "interestExpense": null, "taxProvision": null, "interestIncome": null, "netInterestIncome": null, "extraordinaryItems": null, "nonRecurring": null, "otherItems": null, "incomeTaxExpense": "354000000.00", "totalRevenue": "5195000000.00", "totalOperatingExpenses": "2599000000.00", "costOfRevenue": "1497000000.00", "totalOtherIncomeExpenseNet": "42000000.00", "discontinuedOperations": null, "netIncomeFromContinuingOps": null, "netIncomeApplicableToCommonShares": null, "preferredStockAndOtherAdjustments": null}, "1999-06-30": {"date": "1999-06-30", "filing_date": "1999-08-12", "currency_symbol": "USD", "researchDevelopment": null, "effectOfAccountingCharges": null, "incomeBeforeTax": "1366000000.00", "minorityInterest": null, "netIncome": "942000000.00", "sellingGeneralAdministrative": "2353000000.00", "sellingAndMarketingExpenses": null, "grossProfit": "3958000000.00", "reconciledDepreciation": "215000000.00", "ebit": "1366000000.00", "ebitda": "1581000000.00", "depreciationAndAmortization": "215000000.00", "nonOperatingIncomeNetOther": null, "operatingIncome": "1390000000.00", "otherOperatingExpenses": "3989000000.00", "interestExpense": null, "taxProvision": null, "interestIncome": null, "netInterestIncome": null, "extraordinaryItems": null, "nonRecurring": null, "otherItems": null, "incomeTaxExpense": "424000000.00", "totalRevenue": "5379000000.00", "totalOperatingExpenses": "2568000000.00", "costOfRevenue": "1421000000.00", "totalOtherIncomeExpenseNet": "-24000000.00", "discontinuedOperations": null, "netIncomeFromContinuingOps": null, "netIncomeApplicableToCommonShares": null, "preferredStockAndOtherAdjustments": null}, "1999-03-31": {"date": "1999-03-31", "filing_date": "1999-05-12", "currency_symbol": "USD", "researchDevelopment": null, "effectOfAccountingCharges": null, "incomeBeforeTax": "1082000000.00", "minorityInterest": null, "netIncome": "747000000.00", "sellingGeneralAdministrative": "1953000000.00", "sellingAndMarketingExpenses": null, "grossProfit": "3282000000.00", "reconciledDepreciation": "185000000.00", "ebit": "1082000000.00", "ebitda": "1267000000.00", "depreciationAndAmortization": "185000000.00", "nonOperatingIncomeNetOther": null, "operatingIncome": "1144000000.00", "otherOperatingExpenses": "3284000000.00", "interestExpense": null, "taxProvision": null, "interestIncome": null, "netInterestIncome": null, "extraordinaryItems": null, "nonRecurring": null, "otherItems": null, "incomeTaxExpense": "335000000.00", "totalRevenue": "4428000000.00", "totalOperatingExpenses": "2138000000.00", "costOfRevenue": "1146000000.00", "totalOtherIncomeExpenseNet": "-62000000.00", "discontinuedOperations": null, "netIncomeFromContinuingOps": null, "netIncomeApplicableToCommonShares": null, "preferredStockAndOtherAdjustments": null}, "1998-12-31": {"date": "1998-12-31", "filing_date": "1999-03-29", "currency_symbol": "USD", "researchDevelopment": null, "effectOfAccountingCharges": null, "incomeBeforeTax": "865000000.00", "minorityInterest": null, "netIncome": "597000000.00", "sellingGeneralAdministrative": "2222000000.00", "sellingAndMarketingExpenses": null, "grossProfit": "3333000000.00", "reconciledDepreciation": "174000000.00", "ebit": "865000000.00", "ebitda": "1039000000.00", "depreciationAndAmortization": "174000000.00", "nonOperatingIncomeNetOther": null, "operatingIncome": "937000000.00", "otherOperatingExpenses": "3521000000.00", "interestExpense": null, "taxProvision": null, "interestIncome": null, "netInterestIncome": null, "extraordinaryItems": null, "nonRecurring": null, "otherItems": null, "incomeTaxExpense": "268000000.00", "totalRevenue": "4458000000.00", "totalOperatingExpenses": "2396000000.00", "costOfRevenue": "1125000000.00", "totalOtherIncomeExpenseNet": "-72000000.00", "discontinuedOperations": null, "netIncomeFromContinuingOps": null, "netIncomeApplicableToCommonShares": null, "preferredStockAndOtherAdjustments": null}, "1998-09-30": {"date": "1998-09-30", "filing_date": "1998-11-12", "currency_symbol": "USD", "researchDevelopment": null, "effectOfAccountingCharges": null, "incomeBeforeTax": "1287000000.00", "minorityInterest": null, "netIncome": "888000000.00", "sellingGeneralAdministrative": "2064000000.00", "sellingAndMarketingExpenses": null, "grossProfit": "3452000000.00", "reconciledDepreciation": "151000000.00", "ebit": "1287000000.00", "ebitda": "1438000000.00", "depreciationAndAmortization": "151000000.00", "nonOperatingIncomeNetOther": null, "operatingIncome": "1237000000.00", "otherOperatingExpenses": "3510000000.00", "interestExpense": null, "taxProvision": null, "interestIncome": null, "netInterestIncome": null, "extraordinaryItems": null, "nonRecurring": null, "otherItems": null, "incomeTaxExpense": "399000000.00", "totalRevenue": "4747000000.00", "totalOperatingExpenses": "2215000000.00", "costOfRevenue": "1295000000.00", "totalOtherIncomeExpenseNet": "50000000.00", "discontinuedOperations": null, "netIncomeFromContinuingOps": null, "netIncomeApplicableToCommonShares": null, "preferredStockAndOtherAdjustments": null}, "1998-06-30": {"date": "1998-06-30", "filing_date": "1998-08-14", "currency_symbol": "USD", "researchDevelopment": null, "effectOfAccountingCharges": null, "incomeBeforeTax": "1803000000.00", "minorityInterest": null, "netIncome": "1191000000.00", "sellingGeneralAdministrative": "2141000000.00", "sellingAndMarketingExpenses": null, "grossProfit": "3820000000.00", "reconciledDepreciation": "168000000.00", "ebit": "1803000000.00", "ebitda": "1971000000.00", "depreciationAndAmortization": "168000000.00", "nonOperatingIncomeNetOther": null, "operatingIncome": "1511000000.00", "otherOperatingExpenses": "3640000000.00", "interestExpense": null, "taxProvision": null, "interestIncome": null, "netInterestIncome": null, "extraordinaryItems": null, "nonRecurring": null, "otherItems": null, "incomeTaxExpense": "612000000.00", "totalRevenue": "5151000000.00", "totalOperatingExpenses": "2309000000.00", "costOfRevenue": "1331000000.00", "totalOtherIncomeExpenseNet": "292000000.00", "discontinuedOperations": null, "netIncomeFromContinuingOps": null, "netIncomeApplicableToCommonShares": null, "preferredStockAndOtherAdjustments": null}, "1998-03-31": {"date": "1998-03-31", "filing_date": "1998-05-12", "currency_symbol": "USD", "researchDevelopment": null, "effectOfAccountingCharges": null, "incomeBeforeTax": "1243000000.00", "minorityInterest": null, "netIncome": "857000000.00", "sellingGeneralAdministrative": "1857000000.00", "sellingAndMarketingExpenses": null, "grossProfit": "3291000000.00", "reconciledDepreciation": "152000000.00", "ebit": "1243000000.00", "ebitda": "1395000000.00", "depreciationAndAmortization": "152000000.00", "nonOperatingIncomeNetOther": null, "operatingIncome": "1282000000.00", "otherOperatingExpenses": "3175000000.00", "interestExpense": null, "taxProvision": null, "interestIncome": null, "netInterestIncome": null, "extraordinaryItems": null, "nonRecurring": null, "otherItems": null, "incomeTaxExpense": "386000000.00", "totalRevenue": "4457000000.00", "totalOperatingExpenses": "2009000000.00", "costOfRevenue": "1166000000.00", "totalOtherIncomeExpenseNet": "-39000000.00", "discontinuedOperations": null, "netIncomeFromContinuingOps": null, "netIncomeApplicableToCommonShares": null, "preferredStockAndOtherAdjustments": null}, "1997-12-31": {"date": "1997-12-31", "filing_date": "1998-03-09", "currency_symbol": "USD", "researchDevelopment": null, "effectOfAccountingCharges": null, "incomeBeforeTax": "1184000000.00", "minorityInterest": null, "netIncome": "817000000.00", "sellingGeneralAdministrative": "2076000000.00", "sellingAndMarketingExpenses": null, "grossProfit": "3425000000.00", "reconciledDepreciation": "176000000.00", "ebit": "1184000000.00", "ebitda": "1360000000.00", "depreciationAndAmortization": "176000000.00", "nonOperatingIncomeNetOther": null, "operatingIncome": "1173000000.00", "otherOperatingExpenses": "3528000000.00", "interestExpense": null, "taxProvision": null, "interestIncome": null, "netInterestIncome": null, "extraordinaryItems": null, "nonRecurring": null, "otherItems": null, "incomeTaxExpense": "367000000.00", "totalRevenue": "4701000000.00", "totalOperatingExpenses": "2252000000.00", "costOfRevenue": "1276000000.00", "totalOtherIncomeExpenseNet": "11000000.00", "discontinuedOperations": null, "netIncomeFromContinuingOps": null, "netIncomeApplicableToCommonShares": null, "preferredStockAndOtherAdjustments": null}, "1997-09-30": {"date": "1997-09-30", "filing_date": "1997-11-13", "currency_symbol": "USD", "researchDevelopment": null, "effectOfAccountingCharges": null, "incomeBeforeTax": "1505000000.00", "minorityInterest": null, "netIncome": "1011000000.00", "sellingGeneralAdministrative": "2052000000.00", "sellingAndMarketingExpenses": null, "grossProfit": "3444000000.00", "reconciledDepreciation": "149000000.00", "ebit": "1505000000.00", "ebitda": "1654000000.00", "depreciationAndAmortization": "149000000.00", "nonOperatingIncomeNetOther": null, "operatingIncome": "1243000000.00", "otherOperatingExpenses": "3711000000.00", "interestExpense": null, "taxProvision": null, "interestIncome": null, "netInterestIncome": null, "extraordinaryItems": null, "nonRecurring": null, "otherItems": null, "incomeTaxExpense": "494000000.00", "totalRevenue": "4954000000.00", "totalOperatingExpenses": "2201000000.00", "costOfRevenue": "1510000000.00", "totalOtherIncomeExpenseNet": "262000000.00", "discontinuedOperations": null, "netIncomeFromContinuingOps": null, "netIncomeApplicableToCommonShares": null, "preferredStockAndOtherAdjustments": null}, "1997-06-30": {"date": "1997-06-30", "filing_date": "1997-08-14", "currency_symbol": "USD", "researchDevelopment": null, "effectOfAccountingCharges": null, "incomeBeforeTax": "1935000000.00", "minorityInterest": null, "netIncome": "1314000000.00", "sellingGeneralAdministrative": "2023000000.00", "sellingAndMarketingExpenses": null, "grossProfit": "3629000000.00", "reconciledDepreciation": "163000000.00", "ebit": "1935000000.00", "ebitda": "2098000000.00", "depreciationAndAmortization": "163000000.00", "nonOperatingIncomeNetOther": null, "operatingIncome": "1443000000.00", "otherOperatingExpenses": "3632000000.00", "interestExpense": null, "taxProvision": null, "interestIncome": null, "netInterestIncome": null, "extraordinaryItems": null, "nonRecurring": null, "otherItems": null, "incomeTaxExpense": "621000000.00", "totalRevenue": "5075000000.00", "totalOperatingExpenses": "2186000000.00", "costOfRevenue": "1446000000.00", "totalOtherIncomeExpenseNet": "492000000.00", "discontinuedOperations": null, "netIncomeFromContinuingOps": null, "netIncomeApplicableToCommonShares": null, "preferredStockAndOtherAdjustments": null}, "1997-03-31": {"date": "1997-03-31", "filing_date": "1997-05-13", "currency_symbol": "USD", "researchDevelopment": null, "effectOfAccountingCharges": null, "incomeBeforeTax": "1431000000.00", "minorityInterest": null, "netIncome": "987000000.00", "sellingGeneralAdministrative": "1701000000.00", "sellingAndMarketingExpenses": null, "grossProfit": "2981000000.00", "reconciledDepreciation": "138000000.00", "ebit": "1431000000.00", "ebitda": "1569000000.00", "depreciationAndAmortization": "138000000.00", "nonOperatingIncomeNetOther": null, "operatingIncome": "1142000000.00", "otherOperatingExpenses": "2996000000.00", "interestExpense": null, "taxProvision": null, "interestIncome": null, "netInterestIncome": null, "extraordinaryItems": null, "nonRecurring": null, "otherItems": null, "incomeTaxExpense": "444000000.00", "totalRevenue": "4138000000.00", "totalOperatingExpenses": "1839000000.00", "costOfRevenue": "1157000000.00", "totalOtherIncomeExpenseNet": "289000000.00", "discontinuedOperations": null, "netIncomeFromContinuingOps": null, "netIncomeApplicableToCommonShares": null, "preferredStockAndOtherAdjustments": null}, "1996-12-31": {"date": "1996-12-31", "filing_date": "1997-03-11", "currency_symbol": "USD", "researchDevelopment": null, "effectOfAccountingCharges": null, "incomeBeforeTax": "1104000000.00", "minorityInterest": null, "netIncome": "762000000.00", "sellingGeneralAdministrative": "1909000000.00", "sellingAndMarketingExpenses": null, "grossProfit": "3074000000.00", "reconciledDepreciation": "119000000.00", "ebit": "1104000000.00", "ebitda": "1223000000.00", "depreciationAndAmortization": "119000000.00", "nonOperatingIncomeNetOther": null, "operatingIncome": "1046000000.00", "otherOperatingExpenses": "3397000000.00", "interestExpense": null, "taxProvision": null, "interestIncome": null, "netInterestIncome": null, "extraordinaryItems": null, "nonRecurring": null, "otherItems": null, "incomeTaxExpense": "342000000.00", "totalRevenue": "4443000000.00", "totalOperatingExpenses": "2028000000.00", "costOfRevenue": "1369000000.00", "totalOtherIncomeExpenseNet": "58000000.00", "discontinuedOperations": null, "netIncomeFromContinuingOps": null, "netIncomeApplicableToCommonShares": null, "preferredStockAndOtherAdjustments": null}, "1996-09-30": {"date": "1996-09-30", "filing_date": "1996-11-14", "currency_symbol": "USD", "researchDevelopment": null, "effectOfAccountingCharges": null, "incomeBeforeTax": "937000000.00", "minorityInterest": null, "netIncome": "967000000.00", "sellingGeneralAdministrative": "2388000000.00", "sellingAndMarketingExpenses": null, "grossProfit": "2967000000.00", "reconciledDepreciation": "125000000.00", "ebit": "937000000.00", "ebitda": "1062000000.00", "depreciationAndAmortization": "125000000.00", "nonOperatingIncomeNetOther": null, "operatingIncome": "454000000.00", "otherOperatingExpenses": "4202000000.00", "interestExpense": null, "taxProvision": null, "interestIncome": null, "netInterestIncome": null, "extraordinaryItems": null, "nonRecurring": null, "otherItems": null, "incomeTaxExpense": "-30000000.00", "totalRevenue": "4656000000.00", "totalOperatingExpenses": "2513000000.00", "costOfRevenue": "1689000000.00", "totalOtherIncomeExpenseNet": "483000000.00", "discontinuedOperations": null, "netIncomeFromContinuingOps": null, "netIncomeApplicableToCommonShares": null, "preferredStockAndOtherAdjustments": null}, "1996-06-30": {"date": "1996-06-30", "filing_date": "1996-08-13", "currency_symbol": "USD", "researchDevelopment": null, "effectOfAccountingCharges": null, "incomeBeforeTax": "1522000000.00", "minorityInterest": null, "netIncome": "1050000000.00", "sellingGeneralAdministrative": "1965000000.00", "sellingAndMarketingExpenses": null, "grossProfit": "3470000000.00", "reconciledDepreciation": "123000000.00", "ebit": "1522000000.00", "ebitda": "1645000000.00", "depreciationAndAmortization": "123000000.00", "nonOperatingIncomeNetOther": null, "operatingIncome": "1382000000.00", "otherOperatingExpenses": "3871000000.00", "interestExpense": null, "taxProvision": null, "interestIncome": null, "netInterestIncome": null, "extraordinaryItems": null, "nonRecurring": null, "otherItems": null, "incomeTaxExpense": "472000000.00", "totalRevenue": "5253000000.00", "totalOperatingExpenses": "2088000000.00", "costOfRevenue": "1783000000.00", "totalOtherIncomeExpenseNet": "140000000.00", "discontinuedOperations": null, "netIncomeFromContinuingOps": null, "netIncomeApplicableToCommonShares": null, "preferredStockAndOtherAdjustments": null}, "1996-03-31": {"date": "1996-03-31", "filing_date": "1996-05-10", "currency_symbol": "USD", "researchDevelopment": null, "effectOfAccountingCharges": null, "incomeBeforeTax": "1033000000.00", "minorityInterest": null, "netIncome": "713000000.00", "sellingGeneralAdministrative": "1631000000.00", "sellingAndMarketingExpenses": null, "grossProfit": "2776000000.00", "reconciledDepreciation": "112000000.00", "ebit": "1033000000.00", "ebitda": "1145000000.00", "depreciationAndAmortization": "112000000.00", "nonOperatingIncomeNetOther": null, "operatingIncome": "1033000000.00", "otherOperatingExpenses": "3161000000.00", "interestExpense": null, "taxProvision": null, "interestIncome": null, "netInterestIncome": null, "extraordinaryItems": null, "nonRecurring": null, "otherItems": null, "incomeTaxExpense": "320000000.00", "totalRevenue": "4194000000.00", "totalOperatingExpenses": "1743000000.00", "costOfRevenue": "1418000000.00", "totalOtherIncomeExpenseNet": "56000000.00", "discontinuedOperations": null, "netIncomeFromContinuingOps": null, "netIncomeApplicableToCommonShares": null, "preferredStockAndOtherAdjustments": null}, "1995-12-31": {"date": "1995-12-31", "filing_date": "1996-03-14", "currency_symbol": "USD", "researchDevelopment": null, "effectOfAccountingCharges": null, "incomeBeforeTax": "925000000.00", "minorityInterest": null, "netIncome": "648000000.00", "sellingGeneralAdministrative": "1714000000.00", "sellingAndMarketingExpenses": null, "grossProfit": "2780000000.00", "reconciledDepreciation": "117000000.00", "ebit": "925000000.00", "ebitda": "1042000000.00", "depreciationAndAmortization": "117000000.00", "nonOperatingIncomeNetOther": null, "operatingIncome": "949000000.00", "otherOperatingExpenses": "3384000000.00", "interestExpense": null, "taxProvision": null, "interestIncome": null, "netInterestIncome": null, "extraordinaryItems": null, "nonRecurring": null, "otherItems": null, "incomeTaxExpense": "277000000.00", "totalRevenue": "4333000000.00", "totalOperatingExpenses": "1831000000.00", "costOfRevenue": "1553000000.00", "totalOtherIncomeExpenseNet": "-24000000.00", "discontinuedOperations": null, "netIncomeFromContinuingOps": null, "netIncomeApplicableToCommonShares": null, "preferredStockAndOtherAdjustments": null}, "1995-09-30": {"date": "1995-09-30", "filing_date": "1995-11-13", "currency_symbol": "USD", "researchDevelopment": null, "effectOfAccountingCharges": null, "incomeBeforeTax": "1168000000.00", "minorityInterest": null, "netIncome": "802000000.00", "sellingGeneralAdministrative": "1940000000.00", "sellingAndMarketingExpenses": null, "grossProfit": "3064000000.00", "reconciledDepreciation": "118000000.00", "ebit": "1168000000.00", "ebitda": "1286000000.00", "depreciationAndAmortization": "118000000.00", "nonOperatingIncomeNetOther": null, "operatingIncome": "1006000000.00", "otherOperatingExpenses": "3889000000.00", "interestExpense": null, "taxProvision": null, "interestIncome": null, "netInterestIncome": null, "extraordinaryItems": null, "nonRecurring": null, "otherItems": null, "incomeTaxExpense": "366000000.00", "totalRevenue": "4895000000.00", "totalOperatingExpenses": "2058000000.00", "costOfRevenue": "1831000000.00", "totalOtherIncomeExpenseNet": "162000000.00", "discontinuedOperations": null, "netIncomeFromContinuingOps": null, "netIncomeApplicableToCommonShares": null, "preferredStockAndOtherAdjustments": null}, "1995-06-30": {"date": "1995-06-30", "filing_date": "1995-08-11", "currency_symbol": "USD", "researchDevelopment": null, "effectOfAccountingCharges": null, "incomeBeforeTax": "1304000000.00", "minorityInterest": null, "netIncome": "898000000.00", "sellingGeneralAdministrative": "1802000000.00", "sellingAndMarketingExpenses": null, "grossProfit": "3169000000.00", "reconciledDepreciation": "109000000.00", "ebit": "1304000000.00", "ebitda": "1413000000.00", "depreciationAndAmortization": "109000000.00", "nonOperatingIncomeNetOther": null, "operatingIncome": "1258000000.00", "otherOperatingExpenses": "3678000000.00", "interestExpense": null, "taxProvision": null, "interestIncome": null, "netInterestIncome": null, "extraordinaryItems": null, "nonRecurring": null, "otherItems": null, "incomeTaxExpense": "406000000.00", "totalRevenue": "4936000000.00", "totalOperatingExpenses": "1911000000.00", "costOfRevenue": "1767000000.00", "totalOtherIncomeExpenseNet": "46000000.00", "discontinuedOperations": null, "netIncomeFromContinuingOps": null, "netIncomeApplicableToCommonShares": null, "preferredStockAndOtherAdjustments": null}, "1995-03-31": {"date": "1995-03-31", "filing_date": "1995-05-11", "currency_symbol": "USD", "researchDevelopment": null, "effectOfAccountingCharges": null, "incomeBeforeTax": "931000000.00", "minorityInterest": null, "netIncome": "638000000.00", "sellingGeneralAdministrative": "1530000000.00", "sellingAndMarketingExpenses": null, "grossProfit": "2519000000.00", "reconciledDepreciation": "110000000.00", "ebit": "931000000.00", "ebitda": "1041000000.00", "depreciationAndAmortization": "110000000.00", "nonOperatingIncomeNetOther": null, "operatingIncome": "879000000.00", "otherOperatingExpenses": "2975000000.00", "interestExpense": null, "taxProvision": null, "interestIncome": null, "netInterestIncome": null, "extraordinaryItems": null, "nonRecurring": null, "otherItems": null, "incomeTaxExpense": "293000000.00", "totalRevenue": "3854000000.00", "totalOperatingExpenses": "1640000000.00", "costOfRevenue": "1335000000.00", "totalOtherIncomeExpenseNet": "52000000.00", "discontinuedOperations": null, "netIncomeFromContinuingOps": null, "netIncomeApplicableToCommonShares": null, "preferredStockAndOtherAdjustments": null}, "1994-12-31": {"date": "1994-12-31", "filing_date": "1995-03-13", "currency_symbol": "USD", "researchDevelopment": null, "effectOfAccountingCharges": null, "incomeBeforeTax": "828000000.00", "minorityInterest": null, "netIncome": "567000000.00", "sellingGeneralAdministrative": "1653000000.00", "sellingAndMarketingExpenses": null, "grossProfit": "2639000000.00", "reconciledDepreciation": "120000000.00", "ebit": "828000000.00", "ebitda": "948000000.00", "depreciationAndAmortization": "120000000.00", "nonOperatingIncomeNetOther": null, "operatingIncome": "866000000.00", "otherOperatingExpenses": "3151000000.00", "interestExpense": null, "taxProvision": null, "interestIncome": null, "netInterestIncome": null, "extraordinaryItems": null, "nonRecurring": null, "otherItems": null, "incomeTaxExpense": "261000000.00", "totalRevenue": "4017000000.00", "totalOperatingExpenses": "1773000000.00", "costOfRevenue": "1378000000.00", "totalOtherIncomeExpenseNet": "-38000000.00", "discontinuedOperations": null, "netIncomeFromContinuingOps": null, "netIncomeApplicableToCommonShares": null, "preferredStockAndOtherAdjustments": null}, "1994-09-30": {"date": "1994-09-30", "filing_date": "1994-11-14", "currency_symbol": "USD", "researchDevelopment": null, "effectOfAccountingCharges": null, "incomeBeforeTax": "1033000000.00", "minorityInterest": null, "netIncome": "708000000.00", "sellingGeneralAdministrative": "1701000000.00", "sellingAndMarketingExpenses": null, "grossProfit": "2799000000.00", "reconciledDepreciation": "98000000.00", "ebit": "1033000000.00", "ebitda": "1131000000.00", "depreciationAndAmortization": "98000000.00", "nonOperatingIncomeNetOther": null, "operatingIncome": "1000000000.00", "otherOperatingExpenses": "3461000000.00", "interestExpense": null, "taxProvision": null, "interestIncome": null, "netInterestIncome": null, "extraordinaryItems": null, "nonRecurring": null, "otherItems": null, "incomeTaxExpense": "325000000.00", "totalRevenue": "4461000000.00", "totalOperatingExpenses": "1799000000.00", "costOfRevenue": "1662000000.00", "totalOtherIncomeExpenseNet": "33000000.00", "discontinuedOperations": null, "netIncomeFromContinuingOps": null, "netIncomeApplicableToCommonShares": null, "preferredStockAndOtherAdjustments": null}, "1994-06-30": {"date": "1994-06-30", "filing_date": "1994-08-10", "currency_symbol": "USD", "researchDevelopment": null, "effectOfAccountingCharges": null, "incomeBeforeTax": "1107000000.00", "minorityInterest": null, "netIncome": "758000000.00", "sellingGeneralAdministrative": "1605000000.00", "sellingAndMarketingExpenses": null, "grossProfit": "2777000000.00", "reconciledDepreciation": "102000000.00", "ebit": "1107000000.00", "ebitda": "1209000000.00", "depreciationAndAmortization": "102000000.00", "nonOperatingIncomeNetOther": null, "operatingIncome": "1070000000.00", "otherOperatingExpenses": "3272000000.00", "interestExpense": null, "taxProvision": null, "interestIncome": null, "netInterestIncome": null, "extraordinaryItems": null, "nonRecurring": null, "otherItems": null, "incomeTaxExpense": "349000000.00", "totalRevenue": "4342000000.00", "totalOperatingExpenses": "1707000000.00", "costOfRevenue": "1565000000.00", "totalOtherIncomeExpenseNet": "37000000.00", "discontinuedOperations": null, "netIncomeFromContinuingOps": null, "netIncomeApplicableToCommonShares": null, "preferredStockAndOtherAdjustments": null}, "1994-03-31": {"date": "1994-03-31", "filing_date": "1994-05-06", "currency_symbol": "USD", "researchDevelopment": null, "effectOfAccountingCharges": null, "incomeBeforeTax": "760000000.00", "minorityInterest": null, "netIncome": "521000000.00", "sellingGeneralAdministrative": "1338000000.00", "sellingAndMarketingExpenses": null, "grossProfit": "2201000000.00", "reconciledDepreciation": "91000000.00", "ebit": "760000000.00", "ebitda": "851000000.00", "depreciationAndAmortization": "91000000.00", "nonOperatingIncomeNetOther": null, "operatingIncome": "772000000.00", "otherOperatingExpenses": "2580000000.00", "interestExpense": null, "taxProvision": null, "interestIncome": null, "netInterestIncome": null, "extraordinaryItems": null, "nonRecurring": null, "otherItems": null, "incomeTaxExpense": "239000000.00", "totalRevenue": "3352000000.00", "totalOperatingExpenses": "1429000000.00", "costOfRevenue": "1151000000.00", "totalOtherIncomeExpenseNet": "-12000000.00", "discontinuedOperations": null, "netIncomeFromContinuingOps": null, "netIncomeApplicableToCommonShares": null, "preferredStockAndOtherAdjustments": null}, "1993-12-31": {"date": "1993-12-31", "filing_date": "1994-03-14", "currency_symbol": "USD", "researchDevelopment": null, "effectOfAccountingCharges": null, "incomeBeforeTax": "679000000.00", "minorityInterest": null, "netIncome": "454000000.00", "sellingGeneralAdministrative": null, "sellingAndMarketingExpenses": null, "grossProfit": "2210000000.00", "reconciledDepreciation": "97000000.00", "ebit": "667000000.00", "ebitda": "764000000.00", "depreciationAndAmortization": "97000000.00", "nonOperatingIncomeNetOther": null, "operatingIncome": "637000000.00", "otherOperatingExpenses": "2736000000.00", "interestExpense": null, "taxProvision": null, "interestIncome": null, "netInterestIncome": null, "extraordinaryItems": null, "nonRecurring": null, "otherItems": null, "incomeTaxExpense": "213000000.00", "totalRevenue": "3373000000.00", "totalOperatingExpenses": "1573000000.00", "costOfRevenue": "1163000000.00", "totalOtherIncomeExpenseNet": "42000000.00", "discontinuedOperations": null, "netIncomeFromContinuingOps": null, "netIncomeApplicableToCommonShares": null, "preferredStockAndOtherAdjustments": null}, "1993-09-30": {"date": "1993-09-30", "filing_date": "1993-09-30", "currency_symbol": "USD", "researchDevelopment": null, "effectOfAccountingCharges": null, "incomeBeforeTax": "870000000.00", "minorityInterest": null, "netIncome": "590000000.00", "sellingGeneralAdministrative": null, "sellingAndMarketingExpenses": null, "grossProfit": "2464000000.00", "reconciledDepreciation": "90000000.00", "ebit": "870000000.00", "ebitda": "960000000.00", "depreciationAndAmortization": "90000000.00", "nonOperatingIncomeNetOther": null, "operatingIncome": "829000000.00", "otherOperatingExpenses": "2800000000.00", "interestExpense": null, "taxProvision": null, "interestIncome": null, "netInterestIncome": null, "extraordinaryItems": null, "nonRecurring": null, "otherItems": null, "incomeTaxExpense": "280000000.00", "totalRevenue": "3629000000.00", "totalOperatingExpenses": "1635000000.00", "costOfRevenue": "1165000000.00", "totalOtherIncomeExpenseNet": "41000000.00", "discontinuedOperations": null, "netIncomeFromContinuingOps": null, "netIncomeApplicableToCommonShares": null, "preferredStockAndOtherAdjustments": null}, "1993-06-30": {"date": "1993-06-30", "filing_date": "1993-06-30", "currency_symbol": "USD", "researchDevelopment": null, "effectOfAccountingCharges": null, "incomeBeforeTax": "980000000.00", "minorityInterest": null, "netIncome": "678000000.00", "sellingGeneralAdministrative": null, "sellingAndMarketingExpenses": null, "grossProfit": "2520000000.00", "reconciledDepreciation": "85000000.00", "ebit": "980000000.00", "ebitda": "1065000000.00", "depreciationAndAmortization": "85000000.00", "nonOperatingIncomeNetOther": null, "operatingIncome": "959000000.00", "otherOperatingExpenses": "2940000000.00", "interestExpense": null, "taxProvision": null, "interestIncome": null, "netInterestIncome": null, "extraordinaryItems": null, "nonRecurring": null, "otherItems": null, "incomeTaxExpense": "302000000.00", "totalRevenue": "3899000000.00", "totalOperatingExpenses": "1561000000.00", "costOfRevenue": "1379000000.00", "totalOtherIncomeExpenseNet": "21000000.00", "discontinuedOperations": null, "netIncomeFromContinuingOps": null, "netIncomeApplicableToCommonShares": null, "preferredStockAndOtherAdjustments": null}, "1993-03-31": {"date": "1993-03-31", "filing_date": "1993-03-31", "currency_symbol": "USD", "researchDevelopment": null, "effectOfAccountingCharges": null, "incomeBeforeTax": "656000000.00", "minorityInterest": null, "netIncome": "454000000.00", "sellingGeneralAdministrative": null, "sellingAndMarketingExpenses": null, "grossProfit": "2051000000.00", "reconciledDepreciation": "88000000.00", "ebit": "656000000.00", "ebitda": "744000000.00", "depreciationAndAmortization": "88000000.00", "nonOperatingIncomeNetOther": null, "operatingIncome": "677000000.00", "otherOperatingExpenses": "2379000000.00", "interestExpense": null, "taxProvision": null, "interestIncome": null, "netInterestIncome": null, "extraordinaryItems": null, "nonRecurring": null, "otherItems": null, "incomeTaxExpense": "202000000.00", "totalRevenue": "3056000000.00", "totalOperatingExpenses": "1374000000.00", "costOfRevenue": "1005000000.00", "totalOtherIncomeExpenseNet": "-21000000.00", "discontinuedOperations": null, "netIncomeFromContinuingOps": null, "netIncomeApplicableToCommonShares": null, "preferredStockAndOtherAdjustments": null}, "1992-12-31": {"date": "1992-12-31", "filing_date": "1992-12-31", "currency_symbol": "USD", "researchDevelopment": null, "effectOfAccountingCharges": null, "incomeBeforeTax": "552700000.00", "minorityInterest": null, "netIncome": "159700000.00", "sellingGeneralAdministrative": null, "sellingAndMarketingExpenses": null, "grossProfit": "2053200000.00", "reconciledDepreciation": "73000000.00", "ebit": "333300000.00", "ebitda": "406300000.00", "depreciationAndAmortization": "73000000.00", "nonOperatingIncomeNetOther": null, "operatingIncome": "583300000.00", "otherOperatingExpenses": "2660800000.00", "interestExpense": null, "taxProvision": null, "interestIncome": null, "netInterestIncome": null, "extraordinaryItems": null, "nonRecurring": null, "otherItems": null, "incomeTaxExpense": "173600000.00", "totalRevenue": "3244100000.00", "totalOperatingExpenses": "1469900000.00", "costOfRevenue": "1190900000.00", "totalOtherIncomeExpenseNet": "-30600000.00", "discontinuedOperations": null, "netIncomeFromContinuingOps": null, "netIncomeApplicableToCommonShares": null, "preferredStockAndOtherAdjustments": null}, "1992-09-30": {"date": "1992-09-30", "filing_date": "1992-09-30", "currency_symbol": "USD", "researchDevelopment": null, "effectOfAccountingCharges": null, "incomeBeforeTax": "788000000.00", "minorityInterest": null, "netIncome": "540600000.00", "sellingGeneralAdministrative": null, "sellingAndMarketingExpenses": null, "grossProfit": "2211200000.00", "reconciledDepreciation": "89000000.00", "ebit": "788000000.00", "ebitda": "877000000.00", "depreciationAndAmortization": "89000000.00", "nonOperatingIncomeNetOther": null, "operatingIncome": "771000000.00", "otherOperatingExpenses": "2736500000.00", "interestExpense": null, "taxProvision": null, "interestIncome": null, "netInterestIncome": null, "extraordinaryItems": null, "nonRecurring": null, "otherItems": null, "incomeTaxExpense": "247400000.00", "totalRevenue": "3507500000.00", "totalOperatingExpenses": "1440200000.00", "costOfRevenue": "1296300000.00", "totalOtherIncomeExpenseNet": "17000000.00", "discontinuedOperations": null, "netIncomeFromContinuingOps": null, "netIncomeApplicableToCommonShares": null, "preferredStockAndOtherAdjustments": null}, "1992-06-30": {"date": "1992-06-30", "filing_date": "1992-06-30", "currency_symbol": "USD", "researchDevelopment": null, "effectOfAccountingCharges": null, "incomeBeforeTax": "846900000.00", "minorityInterest": null, "netIncome": "581000000.00", "sellingGeneralAdministrative": null, "sellingAndMarketingExpenses": null, "grossProfit": "2263300000.00", "reconciledDepreciation": "86500000.00", "ebit": "846900000.00", "ebitda": "933400000.00", "depreciationAndAmortization": "86500000.00", "nonOperatingIncomeNetOther": null, "operatingIncome": "836500000.00", "otherOperatingExpenses": "2713900000.00", "interestExpense": null, "taxProvision": null, "interestIncome": null, "netInterestIncome": null, "extraordinaryItems": null, "nonRecurring": null, "otherItems": null, "incomeTaxExpense": "265900000.00", "totalRevenue": "3550400000.00", "totalOperatingExpenses": "1426800000.00", "costOfRevenue": "1287100000.00", "totalOtherIncomeExpenseNet": "10400000.00", "discontinuedOperations": null, "netIncomeFromContinuingOps": null, "netIncomeApplicableToCommonShares": null, "preferredStockAndOtherAdjustments": null}, "1992-03-31": {"date": "1992-03-31", "filing_date": "1992-03-31", "currency_symbol": "USD", "researchDevelopment": null, "effectOfAccountingCharges": null, "incomeBeforeTax": "558500000.00", "minorityInterest": null, "netIncome": "383100000.00", "sellingGeneralAdministrative": null, "sellingAndMarketingExpenses": null, "grossProfit": "1813800000.00", "reconciledDepreciation": "73400000.00", "ebit": "558500000.00", "ebitda": "631900000.00", "depreciationAndAmortization": "73400000.00", "nonOperatingIncomeNetOther": null, "operatingIncome": "579400000.00", "otherOperatingExpenses": "2192500000.00", "interestExpense": null, "taxProvision": null, "interestIncome": null, "netInterestIncome": null, "extraordinaryItems": null, "nonRecurring": null, "otherItems": null, "incomeTaxExpense": "175400000.00", "totalRevenue": "2771900000.00", "totalOperatingExpenses": "1234400000.00", "costOfRevenue": "958100000.00", "totalOtherIncomeExpenseNet": "-20900000.00", "discontinuedOperations": null, "netIncomeFromContinuingOps": null, "netIncomeApplicableToCommonShares": null, "preferredStockAndOtherAdjustments": null}, "1991-12-31": {"date": "1991-12-31", "filing_date": "1991-12-31", "currency_symbol": "USD", "researchDevelopment": null, "effectOfAccountingCharges": null, "incomeBeforeTax": "547100000.00", "minorityInterest": null, "netIncome": "358400000.00", "sellingGeneralAdministrative": null, "sellingAndMarketingExpenses": null, "grossProfit": "1703700000.00", "reconciledDepreciation": "16000000.00", "ebit": "547100000.00", "ebitda": "563100000.00", "depreciationAndAmortization": "16000000.00", "nonOperatingIncomeNetOther": null, "operatingIncome": "487100000.00", "otherOperatingExpenses": "2391900000.00", "interestExpense": null, "taxProvision": null, "interestIncome": null, "netInterestIncome": null, "extraordinaryItems": null, "nonRecurring": null, "otherItems": null, "incomeTaxExpense": "188700000.00", "totalRevenue": "2879000000.00", "totalOperatingExpenses": "1216600000.00", "costOfRevenue": "1175300000.00", "totalOtherIncomeExpenseNet": "60000000.00", "discontinuedOperations": null, "netIncomeFromContinuingOps": null, "netIncomeApplicableToCommonShares": null, "preferredStockAndOtherAdjustments": null}, "1991-09-30": {"date": "1991-09-30", "filing_date": "1991-09-30", "currency_symbol": "USD", "researchDevelopment": null, "effectOfAccountingCharges": null, "incomeBeforeTax": "665200000.00", "minorityInterest": null, "netIncome": "456300000.00", "sellingGeneralAdministrative": null, "sellingAndMarketingExpenses": null, "grossProfit": "1941000000.00", "reconciledDepreciation": "76200000.00", "ebit": "665200000.00", "ebitda": "741400000.00", "depreciationAndAmortization": "76200000.00", "nonOperatingIncomeNetOther": null, "operatingIncome": "644700000.00", "otherOperatingExpenses": "2527400000.00", "interestExpense": null, "taxProvision": null, "interestIncome": null, "netInterestIncome": null, "extraordinaryItems": null, "nonRecurring": null, "otherItems": null, "incomeTaxExpense": "208900000.00", "totalRevenue": "3172100000.00", "totalOperatingExpenses": "1296300000.00", "costOfRevenue": "1231100000.00", "totalOtherIncomeExpenseNet": "20500000.00", "discontinuedOperations": null, "netIncomeFromContinuingOps": null, "netIncomeApplicableToCommonShares": null, "preferredStockAndOtherAdjustments": null}, "1991-06-30": {"date": "1991-06-30", "filing_date": "1991-06-30", "currency_symbol": "USD", "researchDevelopment": null, "effectOfAccountingCharges": null, "incomeBeforeTax": "703200000.00", "minorityInterest": null, "netIncome": "482400000.00", "sellingGeneralAdministrative": null, "sellingAndMarketingExpenses": null, "grossProfit": "1925300000.00", "reconciledDepreciation": "71500000.00", "ebit": "703200000.00", "ebitda": "774700000.00", "depreciationAndAmortization": "71500000.00", "nonOperatingIncomeNetOther": null, "operatingIncome": "693200000.00", "otherOperatingExpenses": "2346300000.00", "interestExpense": null, "taxProvision": null, "interestIncome": null, "netInterestIncome": null, "extraordinaryItems": null, "nonRecurring": null, "otherItems": null, "incomeTaxExpense": "220800000.00", "totalRevenue": "3039500000.00", "totalOperatingExpenses": "1232100000.00", "costOfRevenue": "1114200000.00", "totalOtherIncomeExpenseNet": "10000000.00", "discontinuedOperations": null, "netIncomeFromContinuingOps": null, "netIncomeApplicableToCommonShares": null, "preferredStockAndOtherAdjustments": null}, "1991-03-31": {"date": "1991-03-31", "filing_date": "1991-03-31", "currency_symbol": "USD", "researchDevelopment": null, "effectOfAccountingCharges": null, "incomeBeforeTax": "467800000.00", "minorityInterest": null, "netIncome": "320900000.00", "sellingGeneralAdministrative": null, "sellingAndMarketingExpenses": null, "grossProfit": "1614600000.00", "reconciledDepreciation": "97700000.00", "ebit": "467800000.00", "ebitda": "565500000.00", "depreciationAndAmortization": "97700000.00", "nonOperatingIncomeNetOther": null, "operatingIncome": "494000000.00", "otherOperatingExpenses": "1987000000.00", "interestExpense": null, "taxProvision": null, "interestIncome": null, "netInterestIncome": null, "extraordinaryItems": null, "nonRecurring": null, "otherItems": null, "incomeTaxExpense": "146900000.00", "totalRevenue": "2481000000.00", "totalOperatingExpenses": "1120600000.00", "costOfRevenue": "866400000.00", "totalOtherIncomeExpenseNet": "-26200000.00", "discontinuedOperations": null, "netIncomeFromContinuingOps": null, "netIncomeApplicableToCommonShares": null, "preferredStockAndOtherAdjustments": null}, "1990-12-31": {"date": "1990-12-31", "filing_date": "1990-12-31", "currency_symbol": "USD", "researchDevelopment": null, "effectOfAccountingCharges": null, "incomeBeforeTax": "429000000.00", "minorityInterest": null, "netIncome": "294300000.00", "sellingGeneralAdministrative": null, "sellingAndMarketingExpenses": null, "grossProfit": "1553500000.00", "reconciledDepreciation": "72700000.00", "ebit": "429000000.00", "ebitda": "501700000.00", "depreciationAndAmortization": "72700000.00", "nonOperatingIncomeNetOther": null, "operatingIncome": "421500000.00", "otherOperatingExpenses": "2134600000.00", "interestExpense": null, "taxProvision": null, "interestIncome": null, "netInterestIncome": null, "extraordinaryItems": null, "nonRecurring": null, "otherItems": null, "incomeTaxExpense": "134700000.00", "totalRevenue": "2556100000.00", "totalOperatingExpenses": "1132000000.00", "costOfRevenue": "1002600000.00", "totalOtherIncomeExpenseNet": "7500000.00", "discontinuedOperations": null, "netIncomeFromContinuingOps": null, "netIncomeApplicableToCommonShares": null, "preferredStockAndOtherAdjustments": null}, "1990-09-30": {"date": "1990-09-30", "filing_date": "1990-09-30", "currency_symbol": "USD", "researchDevelopment": null, "effectOfAccountingCharges": null, "incomeBeforeTax": "574600000.00", "minorityInterest": null, "netIncome": "394200000.00", "sellingGeneralAdministrative": null, "sellingAndMarketingExpenses": null, "grossProfit": "1682600000.00", "reconciledDepreciation": "59700000.00", "ebit": "574600000.00", "ebitda": "634300000.00", "depreciationAndAmortization": "59700000.00", "nonOperatingIncomeNetOther": null, "operatingIncome": "512500000.00", "otherOperatingExpenses": "2280300000.00", "interestExpense": null, "taxProvision": null, "interestIncome": null, "netInterestIncome": null, "extraordinaryItems": null, "nonRecurring": null, "otherItems": null, "incomeTaxExpense": "180400000.00", "totalRevenue": "2792800000.00", "totalOperatingExpenses": "1170100000.00", "costOfRevenue": "1110200000.00", "totalOtherIncomeExpenseNet": "62100000.00", "discontinuedOperations": null, "netIncomeFromContinuingOps": null, "netIncomeApplicableToCommonShares": null, "preferredStockAndOtherAdjustments": null}, "1990-06-30": {"date": "1990-06-30", "filing_date": "1990-06-30", "currency_symbol": "USD", "researchDevelopment": null, "effectOfAccountingCharges": null, "incomeBeforeTax": "597500000.00", "minorityInterest": null, "netIncome": "409900000.00", "sellingGeneralAdministrative": null, "sellingAndMarketingExpenses": null, "grossProfit": "1695200000.00", "reconciledDepreciation": "50100000.00", "ebit": "597500000.00", "ebitda": "647600000.00", "depreciationAndAmortization": "50100000.00", "nonOperatingIncomeNetOther": null, "operatingIncome": "579700000.00", "otherOperatingExpenses": "2159600000.00", "interestExpense": null, "taxProvision": null, "interestIncome": null, "netInterestIncome": null, "extraordinaryItems": null, "nonRecurring": null, "otherItems": null, "incomeTaxExpense": "187600000.00", "totalRevenue": "2739300000.00", "totalOperatingExpenses": "1115500000.00", "costOfRevenue": "1044100000.00", "totalOtherIncomeExpenseNet": "17800000.00", "discontinuedOperations": null, "netIncomeFromContinuingOps": null, "netIncomeApplicableToCommonShares": null, "preferredStockAndOtherAdjustments": null}, "1990-03-31": {"date": "1990-03-31", "filing_date": "1990-03-31", "currency_symbol": "USD", "researchDevelopment": null, "effectOfAccountingCharges": null, "incomeBeforeTax": "413200000.00", "minorityInterest": null, "netIncome": "283500000.00", "sellingGeneralAdministrative": null, "sellingAndMarketingExpenses": null, "grossProfit": "1343200000.00", "reconciledDepreciation": "61400000.00", "ebit": "413200000.00", "ebitda": "474600000.00", "depreciationAndAmortization": "61400000.00", "nonOperatingIncomeNetOther": null, "operatingIncome": "438000000.00", "otherOperatingExpenses": "1710300000.00", "interestExpense": null, "taxProvision": null, "interestIncome": null, "netInterestIncome": null, "extraordinaryItems": null, "nonRecurring": null, "otherItems": null, "incomeTaxExpense": "129700000.00", "totalRevenue": "2148300000.00", "totalOperatingExpenses": "905200000.00", "costOfRevenue": "805100000.00", "totalOtherIncomeExpenseNet": "-24800000.00", "discontinuedOperations": null, "netIncomeFromContinuingOps": null, "netIncomeApplicableToCommonShares": null, "preferredStockAndOtherAdjustments": null}, "1989-12-31": {"date": "1989-12-31", "filing_date": "1989-12-31", "currency_symbol": "USD", "researchDevelopment": null, "effectOfAccountingCharges": null, "incomeBeforeTax": "342800000.00", "minorityInterest": null, "netIncome": "247700000.00", "sellingGeneralAdministrative": null, "sellingAndMarketingExpenses": null, "grossProfit": "1280400000.00", "reconciledDepreciation": "48700000.00", "ebit": "364300000.00", "ebitda": "413000000.00", "depreciationAndAmortization": "48700000.00", "nonOperatingIncomeNetOther": null, "operatingIncome": "381800000.00", "otherOperatingExpenses": "1867100000.00", "interestExpense": null, "taxProvision": null, "interestIncome": null, "netInterestIncome": null, "extraordinaryItems": null, "nonRecurring": null, "otherItems": null, "incomeTaxExpense": "116600000.00", "totalRevenue": "2248900000.00", "totalOperatingExpenses": "898600000.00", "costOfRevenue": "968500000.00", "totalOtherIncomeExpenseNet": "-39000000.00", "discontinuedOperations": null, "netIncomeFromContinuingOps": null, "netIncomeApplicableToCommonShares": null, "preferredStockAndOtherAdjustments": null}, "1989-09-30": {"date": "1989-09-30", "filing_date": "1989-09-30", "currency_symbol": "USD", "researchDevelopment": null, "effectOfAccountingCharges": null, "incomeBeforeTax": "531300000.00", "minorityInterest": null, "netIncome": "361300000.00", "sellingGeneralAdministrative": null, "sellingAndMarketingExpenses": null, "grossProfit": "1351700000.00", "reconciledDepreciation": "46200000.00", "ebit": "531300000.00", "ebitda": "577500000.00", "depreciationAndAmortization": "46200000.00", "nonOperatingIncomeNetOther": null, "operatingIncome": "458400000.00", "otherOperatingExpenses": "1844200000.00", "interestExpense": null, "taxProvision": null, "interestIncome": null, "netInterestIncome": null, "extraordinaryItems": null, "nonRecurring": null, "otherItems": null, "incomeTaxExpense": "170000000.00", "totalRevenue": "2302600000.00", "totalOperatingExpenses": "893300000.00", "costOfRevenue": "950900000.00", "totalOtherIncomeExpenseNet": "72900000.00", "discontinuedOperations": null, "netIncomeFromContinuingOps": null, "netIncomeApplicableToCommonShares": null, "preferredStockAndOtherAdjustments": null}, "1989-06-30": {"date": "1989-06-30", "filing_date": "1989-06-30", "currency_symbol": "USD", "researchDevelopment": null, "effectOfAccountingCharges": null, "incomeBeforeTax": "508100000.00", "minorityInterest": null, "netIncome": "345500000.00", "sellingGeneralAdministrative": null, "sellingAndMarketingExpenses": null, "grossProfit": "1427200000.00", "reconciledDepreciation": "44400000.00", "ebit": "508100000.00", "ebitda": "552500000.00", "depreciationAndAmortization": "44400000.00", "nonOperatingIncomeNetOther": null, "operatingIncome": "498800000.00", "otherOperatingExpenses": "1930300000.00", "interestExpense": null, "taxProvision": null, "interestIncome": null, "netInterestIncome": null, "extraordinaryItems": null, "nonRecurring": null, "otherItems": null, "incomeTaxExpense": "162600000.00", "totalRevenue": "2429100000.00", "totalOperatingExpenses": "928400000.00", "costOfRevenue": "1001900000.00", "totalOtherIncomeExpenseNet": "9300000.00", "discontinuedOperations": null, "netIncomeFromContinuingOps": null, "netIncomeApplicableToCommonShares": null, "preferredStockAndOtherAdjustments": null}, "1989-03-31": {"date": "1989-03-31", "filing_date": "1989-03-31", "currency_symbol": "USD", "researchDevelopment": null, "effectOfAccountingCharges": null, "incomeBeforeTax": "382100000.00", "minorityInterest": null, "netIncome": "259800000.00", "sellingGeneralAdministrative": null, "sellingAndMarketingExpenses": null, "grossProfit": "1197200000.00", "reconciledDepreciation": "44500000.00", "ebit": "382100000.00", "ebitda": "426600000.00", "depreciationAndAmortization": "44500000.00", "nonOperatingIncomeNetOther": null, "operatingIncome": "387000000.00", "otherOperatingExpenses": "1598200000.00", "interestExpense": null, "taxProvision": null, "interestIncome": null, "netInterestIncome": null, "extraordinaryItems": null, "nonRecurring": null, "otherItems": null, "incomeTaxExpense": "122300000.00", "totalRevenue": "1985200000.00", "totalOperatingExpenses": "810200000.00", "costOfRevenue": "788000000.00", "totalOtherIncomeExpenseNet": "-4900000.00", "discontinuedOperations": null, "netIncomeFromContinuingOps": null, "netIncomeApplicableToCommonShares": null, "preferredStockAndOtherAdjustments": null}, "1988-12-31": {"date": "1988-12-31", "filing_date": "1988-12-31", "currency_symbol": "USD", "researchDevelopment": null, "effectOfAccountingCharges": null, "incomeBeforeTax": null, "minorityInterest": null, "netIncome": null, "sellingGeneralAdministrative": null, "sellingAndMarketingExpenses": null, "grossProfit": "2026800000.00", "reconciledDepreciation": null, "ebit": null, "ebitda": "-4712800000.00", "depreciationAndAmortization": null, "nonOperatingIncomeNetOther": null, "operatingIncome": "-4712800000.00", "otherOperatingExpenses": null, "interestExpense": null, "taxProvision": null, "interestIncome": null, "netInterestIncome": null, "extraordinaryItems": null, "nonRecurring": null, "otherItems": null, "incomeTaxExpense": null, "totalRevenue": "2026800000.00", "totalOperatingExpenses": null, "costOfRevenue": null, "totalOtherIncomeExpenseNet": null, "discontinuedOperations": null, "netIncomeFromContinuingOps": null, "netIncomeApplicableToCommonShares": null, "preferredStockAndOtherAdjustments": null}, "1988-09-30": {"date": "1988-09-30", "filing_date": "1988-09-30", "currency_symbol": "USD", "researchDevelopment": null, "effectOfAccountingCharges": null, "incomeBeforeTax": null, "minorityInterest": null, "netIncome": null, "sellingGeneralAdministrative": null, "sellingAndMarketingExpenses": null, "grossProfit": "2128300000.00", "reconciledDepreciation": null, "ebit": null, "ebitda": "2128300000.00", "depreciationAndAmortization": null, "nonOperatingIncomeNetOther": null, "operatingIncome": "2128300000.00", "otherOperatingExpenses": null, "interestExpense": null, "taxProvision": null, "interestIncome": null, "netInterestIncome": null, "extraordinaryItems": null, "nonRecurring": null, "otherItems": null, "incomeTaxExpense": null, "totalRevenue": "2128300000.00", "totalOperatingExpenses": null, "costOfRevenue": null, "totalOtherIncomeExpenseNet": null, "discontinuedOperations": null, "netIncomeFromContinuingOps": null, "netIncomeApplicableToCommonShares": null, "preferredStockAndOtherAdjustments": null}, "1988-06-30": {"date": "1988-06-30", "filing_date": "1988-06-30", "currency_symbol": "USD", "researchDevelopment": null, "effectOfAccountingCharges": null, "incomeBeforeTax": null, "minorityInterest": null, "netIncome": null, "sellingGeneralAdministrative": null, "sellingAndMarketingExpenses": null, "grossProfit": "2313600000.00", "reconciledDepreciation": null, "ebit": null, "ebitda": "2313600000.00", "depreciationAndAmortization": null, "nonOperatingIncomeNetOther": null, "operatingIncome": "2313600000.00", "otherOperatingExpenses": null, "interestExpense": null, "taxProvision": null, "interestIncome": null, "netInterestIncome": null, "extraordinaryItems": null, "nonRecurring": null, "otherItems": null, "incomeTaxExpense": null, "totalRevenue": "2313600000.00", "totalOperatingExpenses": null, "costOfRevenue": null, "totalOtherIncomeExpenseNet": null, "discontinuedOperations": null, "netIncomeFromContinuingOps": null, "netIncomeApplicableToCommonShares": null, "preferredStockAndOtherAdjustments": null}, "1988-03-31": {"date": "1988-03-31", "filing_date": "1988-03-31", "currency_symbol": "USD", "researchDevelopment": null, "effectOfAccountingCharges": null, "incomeBeforeTax": null, "minorityInterest": null, "netIncome": null, "sellingGeneralAdministrative": null, "sellingAndMarketingExpenses": null, "grossProfit": "1869100000.00", "reconciledDepreciation": null, "ebit": null, "ebitda": "1869100000.00", "depreciationAndAmortization": null, "nonOperatingIncomeNetOther": null, "operatingIncome": "1869100000.00", "otherOperatingExpenses": null, "interestExpense": null, "taxProvision": null, "interestIncome": null, "netInterestIncome": null, "extraordinaryItems": null, "nonRecurring": null, "otherItems": null, "incomeTaxExpense": null, "totalRevenue": "1869100000.00", "totalOperatingExpenses": null, "costOfRevenue": null, "totalOtherIncomeExpenseNet": null, "discontinuedOperations": null, "netIncomeFromContinuingOps": null, "netIncomeApplicableToCommonShares": null, "preferredStockAndOtherAdjustments": null}, "1987-12-31": {"date": "1987-12-31", "filing_date": "1987-12-31", "currency_symbol": "USD", "researchDevelopment": null, "effectOfAccountingCharges": null, "incomeBeforeTax": null, "minorityInterest": null, "netIncome": null, "sellingGeneralAdministrative": null, "sellingAndMarketingExpenses": null, "grossProfit": "1991700000.00", "reconciledDepreciation": null, "ebit": null, "ebitda": "-4306500000.00", "depreciationAndAmortization": null, "nonOperatingIncomeNetOther": null, "operatingIncome": "-4306500000.00", "otherOperatingExpenses": null, "interestExpense": null, "taxProvision": null, "interestIncome": null, "netInterestIncome": null, "extraordinaryItems": null, "nonRecurring": null, "otherItems": null, "incomeTaxExpense": null, "totalRevenue": "1991700000.00", "totalOperatingExpenses": null, "costOfRevenue": null, "totalOtherIncomeExpenseNet": null, "discontinuedOperations": null, "netIncomeFromContinuingOps": null, "netIncomeApplicableToCommonShares": null, "preferredStockAndOtherAdjustments": null}, "1987-09-30": {"date": "1987-09-30", "filing_date": "1987-09-30", "currency_symbol": "USD", "researchDevelopment": null, "effectOfAccountingCharges": null, "incomeBeforeTax": null, "minorityInterest": null, "netIncome": null, "sellingGeneralAdministrative": null, "sellingAndMarketingExpenses": null, "grossProfit": "2014400000.00", "reconciledDepreciation": null, "ebit": null, "ebitda": "2014400000.00", "depreciationAndAmortization": null, "nonOperatingIncomeNetOther": null, "operatingIncome": "2014400000.00", "otherOperatingExpenses": null, "interestExpense": null, "taxProvision": null, "interestIncome": null, "netInterestIncome": null, "extraordinaryItems": null, "nonRecurring": null, "otherItems": null, "incomeTaxExpense": null, "totalRevenue": "2014400000.00", "totalOperatingExpenses": null, "costOfRevenue": null, "totalOtherIncomeExpenseNet": null, "discontinuedOperations": null, "netIncomeFromContinuingOps": null, "netIncomeApplicableToCommonShares": null, "preferredStockAndOtherAdjustments": null}, "1987-06-30": {"date": "1987-06-30", "filing_date": "1987-06-30", "currency_symbol": "USD", "researchDevelopment": null, "effectOfAccountingCharges": null, "incomeBeforeTax": null, "minorityInterest": null, "netIncome": null, "sellingGeneralAdministrative": null, "sellingAndMarketingExpenses": null, "grossProfit": "2104400000.00", "reconciledDepreciation": null, "ebit": null, "ebitda": "2104400000.00", "depreciationAndAmortization": null, "nonOperatingIncomeNetOther": null, "operatingIncome": "2104400000.00", "otherOperatingExpenses": null, "interestExpense": null, "taxProvision": null, "interestIncome": null, "netInterestIncome": null, "extraordinaryItems": null, "nonRecurring": null, "otherItems": null, "incomeTaxExpense": null, "totalRevenue": "2104400000.00", "totalOperatingExpenses": null, "costOfRevenue": null, "totalOtherIncomeExpenseNet": null, "discontinuedOperations": null, "netIncomeFromContinuingOps": null, "netIncomeApplicableToCommonShares": null, "preferredStockAndOtherAdjustments": null}, "1987-03-31": {"date": "1987-03-31", "filing_date": "1987-03-31", "currency_symbol": "USD", "researchDevelopment": null, "effectOfAccountingCharges": null, "incomeBeforeTax": null, "minorityInterest": null, "netIncome": null, "sellingGeneralAdministrative": null, "sellingAndMarketingExpenses": null, "grossProfit": "1547800000.00", "reconciledDepreciation": null, "ebit": null, "ebitda": "1547800000.00", "depreciationAndAmortization": null, "nonOperatingIncomeNetOther": null, "operatingIncome": "1547800000.00", "otherOperatingExpenses": null, "interestExpense": null, "taxProvision": null, "interestIncome": null, "netInterestIncome": null, "extraordinaryItems": null, "nonRecurring": null, "otherItems": null, "incomeTaxExpense": null, "totalRevenue": "1547800000.00", "totalOperatingExpenses": null, "costOfRevenue": null, "totalOtherIncomeExpenseNet": null, "discontinuedOperations": null, "netIncomeFromContinuingOps": null, "netIncomeApplicableToCommonShares": null, "preferredStockAndOtherAdjustments": null}, "1986-12-31": {"date": "1986-12-31", "filing_date": "1986-12-31", "currency_symbol": "USD", "researchDevelopment": null, "effectOfAccountingCharges": null, "incomeBeforeTax": null, "minorityInterest": null, "netIncome": null, "sellingGeneralAdministrative": null, "sellingAndMarketingExpenses": null, "grossProfit": "2155000000.00", "reconciledDepreciation": null, "ebit": null, "ebitda": "-5368500000.00", "depreciationAndAmortization": null, "nonOperatingIncomeNetOther": null, "operatingIncome": "-5368500000.00", "otherOperatingExpenses": null, "interestExpense": null, "taxProvision": null, "interestIncome": null, "netInterestIncome": null, "extraordinaryItems": null, "nonRecurring": null, "otherItems": null, "incomeTaxExpense": null, "totalRevenue": "2155000000.00", "totalOperatingExpenses": null, "costOfRevenue": null, "totalOtherIncomeExpenseNet": null, "discontinuedOperations": null, "netIncomeFromContinuingOps": null, "netIncomeApplicableToCommonShares": null, "preferredStockAndOtherAdjustments": null}, "1986-09-30": {"date": "1986-09-30", "filing_date": "1986-09-30", "currency_symbol": "USD", "researchDevelopment": null, "effectOfAccountingCharges": null, "incomeBeforeTax": null, "minorityInterest": null, "netIncome": null, "sellingGeneralAdministrative": null, "sellingAndMarketingExpenses": null, "grossProfit": "2533800000.00", "reconciledDepreciation": null, "ebit": null, "ebitda": "2533800000.00", "depreciationAndAmortization": null, "nonOperatingIncomeNetOther": null, "operatingIncome": "2533800000.00", "otherOperatingExpenses": null, "interestExpense": null, "taxProvision": null, "interestIncome": null, "netInterestIncome": null, "extraordinaryItems": null, "nonRecurring": null, "otherItems": null, "incomeTaxExpense": null, "totalRevenue": "2533800000.00", "totalOperatingExpenses": null, "costOfRevenue": null, "totalOtherIncomeExpenseNet": null, "discontinuedOperations": null, "netIncomeFromContinuingOps": null, "netIncomeApplicableToCommonShares": null, "preferredStockAndOtherAdjustments": null}, "1986-06-30": {"date": "1986-06-30", "filing_date": "1986-06-30", "currency_symbol": "USD", "researchDevelopment": null, "effectOfAccountingCharges": null, "incomeBeforeTax": null, "minorityInterest": null, "netIncome": null, "sellingGeneralAdministrative": null, "sellingAndMarketingExpenses": null, "grossProfit": "2245000000.00", "reconciledDepreciation": null, "ebit": null, "ebitda": "2245000000.00", "depreciationAndAmortization": null, "nonOperatingIncomeNetOther": null, "operatingIncome": "2245000000.00", "otherOperatingExpenses": null, "interestExpense": null, "taxProvision": null, "interestIncome": null, "netInterestIncome": null, "extraordinaryItems": null, "nonRecurring": null, "otherItems": null, "incomeTaxExpense": null, "totalRevenue": "2245000000.00", "totalOperatingExpenses": null, "costOfRevenue": null, "totalOtherIncomeExpenseNet": null, "discontinuedOperations": null, "netIncomeFromContinuingOps": null, "netIncomeApplicableToCommonShares": null, "preferredStockAndOtherAdjustments": null}, "1986-03-31": {"date": "1986-03-31", "filing_date": "1986-03-31", "currency_symbol": "USD", "researchDevelopment": null, "effectOfAccountingCharges": null, "incomeBeforeTax": null, "minorityInterest": null, "netIncome": null, "sellingGeneralAdministrative": null, "sellingAndMarketingExpenses": null, "grossProfit": "1734800000.00", "reconciledDepreciation": null, "ebit": null, "ebitda": "1734800000.00", "depreciationAndAmortization": null, "nonOperatingIncomeNetOther": null, "operatingIncome": "1734800000.00", "otherOperatingExpenses": null, "interestExpense": null, "taxProvision": null, "interestIncome": null, "netInterestIncome": null, "extraordinaryItems": null, "nonRecurring": null, "otherItems": null, "incomeTaxExpense": null, "totalRevenue": "1734800000.00", "totalOperatingExpenses": null, "costOfRevenue": null, "totalOtherIncomeExpenseNet": null, "discontinuedOperations": null, "netIncomeFromContinuingOps": null, "netIncomeApplicableToCommonShares": null, "preferredStockAndOtherAdjustments": null}, "1985-12-31": {"date": "1985-12-31", "filing_date": "1985-12-31", "currency_symbol": "USD", "researchDevelopment": null, "effectOfAccountingCharges": null, "incomeBeforeTax": null, "minorityInterest": null, "netIncome": null, "sellingGeneralAdministrative": null, "sellingAndMarketingExpenses": null, "grossProfit": "1936900000.00", "reconciledDepreciation": null, "ebit": null, "ebitda": "-4921600000.00", "depreciationAndAmortization": null, "nonOperatingIncomeNetOther": null, "operatingIncome": "-4921600000.00", "otherOperatingExpenses": null, "interestExpense": null, "taxProvision": null, "interestIncome": null, "netInterestIncome": null, "extraordinaryItems": null, "nonRecurring": null, "otherItems": null, "incomeTaxExpense": null, "totalRevenue": "1936900000.00", "totalOperatingExpenses": null, "costOfRevenue": null, "totalOtherIncomeExpenseNet": null, "discontinuedOperations": null, "netIncomeFromContinuingOps": null, "netIncomeApplicableToCommonShares": null, "preferredStockAndOtherAdjustments": null}, "1985-09-30": {"date": "1985-09-30", "filing_date": "1985-09-30", "currency_symbol": "USD", "researchDevelopment": null, "effectOfAccountingCharges": null, "incomeBeforeTax": null, "minorityInterest": null, "netIncome": null, "sellingGeneralAdministrative": null, "sellingAndMarketingExpenses": null, "grossProfit": "2172700000.00", "reconciledDepreciation": null, "ebit": null, "ebitda": "2172700000.00", "depreciationAndAmortization": null, "nonOperatingIncomeNetOther": null, "operatingIncome": "2172700000.00", "otherOperatingExpenses": null, "interestExpense": null, "taxProvision": null, "interestIncome": null, "netInterestIncome": null, "extraordinaryItems": null, "nonRecurring": null, "otherItems": null, "incomeTaxExpense": null, "totalRevenue": "2172700000.00", "totalOperatingExpenses": null, "costOfRevenue": null, "totalOtherIncomeExpenseNet": null, "discontinuedOperations": null, "netIncomeFromContinuingOps": null, "netIncomeApplicableToCommonShares": null, "preferredStockAndOtherAdjustments": null}}